1904 3106
914 67 1206 109 „58-

413 168 506 210 Iam
533 166 668 225 igitur
692 170 839 214 videas
866 187 1023 227 quaeso
1049 174 1117 216 tot
1141 174 1359 230 tantisque
1386 174 1598 218 machinis
1618 175 1823 220 adhibitis

294 242 439 282 utrum
473 242 791 298 qualescunque
823 244 1023 286 versiculi
1056 245 1260 287 moliendi
1292 246 1393 300 sint,
1425 261 1481 288 an
1511 247 1632 290 locus
1663 261 1715 289 ex
1745 247 1825 290 tali

294 312 382 354 fere
403 313 790 368 interpretamento
810 316 1086 370 repetendus:
1117 317 1216 358 dum
1245 317 1340 369 huc,
1371 319 1471 360 dum
1500 318 1599 361 illuc
1627 321 1827 373 retorquet

295 382 371 439 (sc.
404 383 526 441 rete),
556 386 726 439 impedit
746 387 878 440 piscis
909 401 1034 441 usque
1063 388 1162 430 adeo
1193 388 1315 430 donec
1343 389 1461 441 foras
1491 390 1640 432 eduxit.

414 454 579 498 Contra
609 471 836 511 perversus
869 461 984 500 esset
1010 458 1047 500 si
1072 459 1168 514 quis
1196 460 1381 515 exempli
1407 461 1551 516 gratia
1576 475 1614 503 V.
1632 461 1686 503 12
1712 462 1824 518 quod

297 530 482 570 metrum
513 542 616 573 non.
635 529 838 585 expleret,
870 530 1104 572 damnaret.
1166 529 1280 573 Nam
1312 531 1461 574 verba:

356 633 398 665 10
442 622 742 665 Primumdum
774 639 936 667 merces
970 626 1112 667 annua
1128 623 1215 680 ¹⁰5):
1248 625 1284 667 is
1316 625 1483 680 primus
1517 626 1665 669 bolust

443 694 509 736 Ob
543 696 637 741 eam
668 697 758 737 tres
790 696 929 738 noctis
963 695 1134 738 dantur.

292 789 537 845 efflagitant
562 790 689 845 plane
715 790 849 832 talem
876 791 1248 834 enumerationem
1274 791 1447 847 qualem
1473 792 1577 835 olim
1603 794 1820 836 exstitisse

294 861 534 903 membrum
566 863 812 904 truncatum
845 862 987 905 docet:

1290 935 1458 977 interea
1489 935 1574 977 loci

351 1002 442 1046 Aut
474 1019 549 1046 ara
581 1006 630 1046 ut
661 1002 757 1060 (aut
789 1003 884 1061 OD)
917 1005 1067 1047 uinum
1101 1009 1178 1049 aut
1209 1007 1350 1048 oleum
1383 1009 1458 1049 aut
1489 1006 1679 1049 triticum

291 1099 378 1142 Ubi
396 1115 507 1141 -cum
539 1115 618 1154 pro
651 1115 731 1142 ara
761 1101 850 1142 iam
884 1100 983 1143 Itali
1015 1116 1114 1144 aera
1145 1102 1406 1158 invexerint,
1438 1100 1691 1158 Spengelius
1721 1104 1823 1156 post

292 1171 478 1213 aliorum
510 1174 756 1214 commenta
786 1173 1033 1227 proposuit:

350 1265 442 1307 Aut
474 1269 628 1308 aurum
658 1269 734 1308 aut
765 1282 865 1309 aera
897 1269 971 1309 aut
1003 1266 1153 1310 vinum
1187 1271 1262 1310 aut
1293 1268 1435 1311 oleum
1467 1270 1543 1311 aut
1573 1266 1780 1310 triticum.

409 1361 544 1417 Atqui
570 1360 810 1402 rectissime
842 1361 1016 1404 Brixius
1054 1362 1099 1403 in
1131 1361 1334 1417 Epistula
1361 1363 1415 1406 ad
1445 1363 1566 1405 illum
1602 1363 1703 1405 data
1733 1377 1772 1417 p.
1792 1362 1820 1404 4
1867 1370 1873 1371 ⁷

291 1436 383 1475 tum
423 1446 575 1475 aarum
615 1432 847 1486 pretiosius
891 1448 984 1475 esse
1025 1434 1194 1476 monuit
1235 1449 1363 1489 quam
1407 1435 1520 1490 quod
1563 1435 1634 1477 hic
1677 1435 1821 1476 locum

289 1505 460 1559 habeat,
492 1506 586 1546 tum
618 1504 751 1546 verbo
784 1503 970 1559 quodam
997 1518 1125 1560 aegre
1151 1519 1231 1547 nos
1257 1519 1400 1547 carere
1426 1505 1631 1560 quoniam
1656 1507 1824 1558 temptat

288 1575 374 1617 huc
406 1575 522 1617 trahi
555 1577 752 1630 nequeat.
813 1575 933 1617 Idem
964 1575 1076 1617 Ann.
1108 1576 1212 1631 phil.
1245 1579 1275 1620 t.
1308 1575 1364 1618 CI
1396 1591 1437 1631 p.
1458 1576 1544 1618 426
1576 1575 1820 1631 languidio-

290 1661 380 1688 rem
408 1645 610 1701 Seyfferti
637 1646 895 1700 scripturam
921 1646 1203 1701 improbavit:
1238 1647 1404 1690 Orando
1430 1647 1500 1690 vel
1518 1647 1722 1690 Poscendo
1747 1649 1823 1689 aut

286 1732 386 1759 aera
419 1743 472 1747 —
507 1718 693 1759 triticeam
727 1717 915 1771 Temptat
946 1719 1025 1759 cet.
1071 1716 1153 1759 Sed
1187 1718 1301 1773 quod
1332 1718 1424 1773 ipse
1457 1718 1595 1761 suasit
1626 1717 1819 1760 Brixius:
1884 1752 1893 1755 ⁸

351 1812 439 1854 Aut
471 1813 567 1854 orat
599 1826 700 1853 aera
732 1813 808 1853 aut
839 1810 985 1854 vinum
1020 1814 1095 1853 aut
1128 1812 1268 1854 oleum
1301 1814 1377 1854 aut
1406 1811 1612 1868 triticum,

289 1908 395 1950 haec
435 1907 553 1949 verbi
595 1906 825 1949 collocatio
863 1921 1135 1962 nequaquam
1174 1906 1417 1949 defenditur
1453 1907 1648 1949 versibus
1679 1908 1736 1950 32
1757 1922 1818 1963 sq.

288 1982 362 2021 αιιέ
402 1992 555 2020 aarum
587 1978 717 2031 periit
746 1981 820 2019 aut
850 1978 1090 2020 cmzscezssast
1121 1977 1288 2031 pallula
1329 1979 1427 2033 cet.‚
1466 1992 1567 2020 nam
1604 1977 1694 2030 illic
1729 1993 1819 2020 non

288 2050 414 2092 modo
449 2049 644 2105 singulae
677 2064 766 2104 res,
805 2064 953 2091 verum
986 2049 1117 2091 etiam
1149 2049 1282 2103 facta,
1321 2063 1431 2103 quae
1463 2048 1612 2091 orandi
1643 2063 1818 2091 causam

291 2121 587 2163 meretricibus
627 2121 747 2175 dent,
786 2121 899 2162 inter
937 2136 982 2162 se
1021 2122 1308 2175 opponuntur.
1371 2118 1454 2162 Sed
1486 2119 1601 2181 quod
1632 2119 1684 2161 de
1714 2133 1818 2161 maro

292 2193 424 2247 probe
457 2191 632 2233 Brixius
665 2191 930 2247 observavit,
968 2191 1129 2233 ibidem
1166 2206 1251 2233 una
1289 2191 1421 2233 etiam
1458 2204 1558 2232 aera
1593 2189 1816 2232 trahamus

291 2265 476 2318 oportet,
503 2278 631 2317 quam
657 2278 806 2305 vocem
833 2278 882 2305 eo
910 2263 1050 2304 minus
1078 2262 1372 2317 tolerabimus,
1403 2262 1503 2316 quia
1528 2261 1624 2316 ipsa
1649 2275 1817 2316 quoque

289 2334 485 2389 quamvis
519 2334 604 2375 leni
638 2334 883 2376 coniectura
915 2334 1066 2376 effecta
1091 2336 1180 2375 est.⁴
1217 2333 1434 2375 Nimirum
1458 2331 1652 2374 mercede
1677 2345 1818 2374 annua

291 2407 466 2460 accepta
498 2404 612 2446 intra
643 2405 734 2446 dies
765 2404 986 2459 proximos
1019 2406 1079 2446 eis
1106 2404 1232 2447 modo
1258 2404 1387 2445 rebus
1414 2403 1587 2446 orandis
1613 2401 1816 2444 meretrix

291 2475 478 2518 amantis
510 2475 701 2516 animum
732 2477 932 2531 temptat,
963 2490 1072 2530 quae
1098 2490 1175 2530 per
1200 2474 1453 2518 convivendi
1478 2473 1816 2528 convivandique

291 2547 560 2589 occasionem
591 2546 867 2601 requiruntur
900 2546 1034 2601 ‘quod
1067 2546 1189 2600 bibit,
1220 2545 1334 2601 quod
1366 2546 1541 2600 comest,
1571 2544 1686 2600 quod
1709 2543 1817 2586 facit

388 2702 469 2744 105)
504 2698 603 2741 Quas
633 2699 679 2734 dc
711 2699 781 2734 hac
808 2698 984 2734 Gronovii
1017 2698 1229 2733 coniectura
1253 2698 1376 2742 (miros
1402 2697 1447 2741 B,
1474 2697 1587 2732 miror
1611 2694 1686 2740 CD)
1713 2694 1816 2741 Seyf-

291 2759 408 2794 fertus
434 2757 662 2803 suspiciones
689 2756 806 2792 movit
829 2756 962 2792 Philol.
978 2758 1003 2791 t.
1019 2757 1120 2792 XXV
1139 2768 1176 2801 p.
1193 2760 1257 2791 751
1275 2768 1365 2800 sqq.,
1392 2755 1583 2801 aptissime
1608 2754 1816 2790 refutantur

292 2829 334 2853 eo
361 2830 471 2863 quem
497 2815 742 2863 Kicsslingius
768 2815 946 2851 excitavit
971 2815 1050 2850 loco
1076 2815 1177 2850 Asin.
1208 2828 1237 2850 v.
1267 2819 1331 2850 751
1350 2827 1427 2860 sqq.
