1904 3106
887 46 1151 86 ,6-

255 150 591 205 discrepantiam
622 150 734 191 nihil
772 150 956 204 probare
994 150 1196 203 dicerem,
1235 150 1407 191 etiamsi
1446 151 1658 193 alterutra
1687 166 1788 194 vera

255 221 471 276 scriptura
509 222 635 262 esset.
696 220 810 262 Nam
852 222 900 262 ut
936 222 1184 263 meretricem
1221 221 1258 263 si
1295 220 1340 262 in
1379 221 1614 278 archetypo
1654 222 1788 266 fuisse

256 292 507 346 statuimus,
538 291 665 333 facile
693 292 847 346 aliquis
875 292 926 334 de
957 294 1087 347 partu
1107 291 1335 334 Phronesii
1362 292 1559 348 cogitans
1585 285 1788 336 simulato

255 363 504 406 obstetricem
533 363 775 418 inserebat,
813 363 879 404 ita
907 362 991 405 hoc
1024 363 1062 404 si
1093 363 1312 416 exstabat,
1348 364 1596 406 meretricem
1626 365 1788 421 fingere

255 436 448 489 poterat,
493 434 565 489 qui
609 433 698 475 iam
742 433 959 489 peperisse
1003 434 1229 476 mulierem
1272 436 1507 488 reputaret.
1567 435 1662 477 Iam
1705 436 1788 478 etsi

257 505 529 547 meretricem
562 505 746 547 absurde
778 504 1125 559 commemorari,
1163 505 1442 547 obstetricem
1472 506 1542 548 vel
1580 507 1633 548 ad
1664 521 1787 562 puer-

259 591 410 631 peram
449 578 492 618 et
523 575 591 617 die
629 575 806 618 lustrico
841 578 941 631 apte
973 576 1133 618 accersi
1164 576 1451 619 Buechelerus
1489 580 1652 632 monet,
1692 592 1786 620 eam

257 649 404 688 tamen
434 649 550 688 recte
584 646 839 702 Spengelius
871 648 1005 702 negat
1035 646 1119 689 hoc
1157 647 1251 689 loco
1283 646 1368 690 dici
1405 662 1551 703 posse,
1587 648 1689 703 quia
1726 649 1790 691 sic

257 733 345 760 non
377 733 503 760 versu
535 718 707 760 demum
739 718 796 760 92
828 718 880 760 de
911 720 1040 773 partu
1071 717 1331 761 Diniarchus
1363 733 1568 774 quaerere
1602 719 1788 763 deberet.

259 788 341 831 Sed
367 804 421 830 ne
441 789 728 831 Buechelerus
755 788 926 844 quidem
953 789 1198 831 obstetricem
1224 789 1423 844 retinuit,
1455 789 1530 832 sed
1559 792 1788 846 utrumque

257 860 516 902 vocabulum
550 861 603 902 ab
637 861 873 915 interprete
907 859 1098 902 additum
1131 874 1224 901 esse
1251 874 1302 902 ex
1334 860 1429 915 ipso
1460 860 1670 904 librorum
1703 861 1789 904 dis-

258 946 386 973 sensu
426 932 635 987 colligens
673 931 954 986 transpositis
991 931 1214 973 vocabulis
1246 930 1479 986 additaque
1509 935 1548 974 et
1575 932 1791 987 particula

257 1004 301 1044 et
332 1006 377 1045 tn
409 1005 508 1045 ante
537 1003 714 1058 femina,
745 1017 833 1045 non
864 1003 965 1057 post
995 1004 1103 1045 unde
1134 1002 1295 1045 omisso
1328 1002 1576 1058 proposuit:

471 1097 588 1140 mala
618 1098 782 1140 femina
807 1112 852 1140 es
879 1100 922 1139 et
953 1097 1065 1139 linde
1097 1100 1145 1138 tu
1178 1112 1222 1139 es
1256 1097 1348 1139 oles
1380 1111 1474 1139 eam
1507 1096 1790 1153 disciplinam.

258 1191 318 1234 At
351 1193 421 1234 vix
454 1195 560 1248 puto
586 1192 846 1235 Architinem
876 1206 1033 1233 nomen
1064 1191 1266 1247 ignotum
1298 1193 1613 1247 spectatoribus
1646 1193 1791 1249 aliquo

257 1264 444 1305 caruisse
489 1264 697 1319 epitheto.
759 1263 1021 1306 Acutissime
1065 1277 1166 1305 vero
1211 1263 1306 1318 ipse
1351 1262 1535 1306 coniecit
1575 1263 1790 1319 Bergkius

257 1335 437 1376 eandem
470 1350 563 1377 esse
596 1335 864 1377 Archilinem
897 1349 994 1377 cum
1026 1335 1213 1376 tonstriee
1243 1333 1374 1388 Sura,
1405 1349 1534 1390 quam
1566 1333 1630 1389 Π,
1661 1335 1708 1390 4,
1733 1335 1788 1377 51

258 1409 302 1447 et
333 1405 408 1461 IV,
440 1407 486 1461 4,
512 1407 539 1448 3
577 1405 862 1448 Phronesium
905 1405 1118 1457 nominat,
1163 1419 1271 1460 quae
1303 1404 1379 1459 IV,
1406 1405 1432 1447 3
1477 1419 1574 1448 cum
1613 1404 1790 1448 Callicle

256 1477 498 1532 inquirente
531 1477 806 1519 in·scaenam
839 1476 994 1531 prodit.
1036 1475 1246 1526 Quocirca
1272 1490 1367 1518 eum
1395 1477 1624 1519 tonstricem
1648 1491 1792 1518 neces-

259 1547 372 1590 sario
405 1547 720 1590 restituendum
753 1547 828 1602 sit,
864 1561 1006 1589 nonne
1045 1548 1185 1589 tricem
1216 1549 1388 1589 tantum
1420 1547 1615 1602 syllabas
1646 1547 1692 1590 in
1724 1563 1790 1591 ar-

258 1619 447 1673 chetypo
481 1618 733 1673 apparuisse
766 1620 810 1660 et
840 1618 886 1660 in
916 1620 1098 1673 utraque
1130 1618 1376 1661 recensione
1415 1619 1530 1661 male
1567 1619 1790 1675 suppletas

260 1704 354 1731 esse
381 1689 566 1731 maxime
593 1691 928 1731 consentaneum
949 1689 1043 1731 est‘?
1083 1687 1166 1731 Sed
1191 1689 1299 1730 illud
1325 1703 1421 1731 cum
1446 1689 1582 1744 probe
1600 1689 1791 1732 Bueche-

259 1761 375 1803 lerus
421 1760 795 1815 animadverterit,
838 1774 928 1802 eam
971 1774 1210 1815 pronomen
1246 1759 1292 1801 in
1328 1758 1368 1801 A
1401 1762 1618 1802 servatum
1662 1774 1790 1816 aegre

260 1832 359 1874 tolli
385 1834 429 1873 et
454 1831 604 1887 quovis
631 1831 759 1873 modo
786 1831 1123 1885 recuperandum
1148 1845 1260 1882 esse,
1291 1831 1436 1873 neseio
1464 1845 1520 1873 an
1548 1824 1612 1873 ita
1642 1845 1788 1873 versus

260 1901 588 1945 constituendus
622 1902 698 1943 sit:

473 1994 736 2038 tonstricem.
786 1995 904 2038 Mala
928 1995 1010 2038 tu's
1036 1995 1215 2050 femina,
1248 1996 1337 2038 oles
1370 2010 1465 2038 eam
1497 1994 1675 2038 unde-'s
1706 1995 1790 2038 dis-

1116 2065 1333 2122 ciph'nam.

260 2162 374 2204 Huic
406 2163 499 2204 loco
533 2161 766 2218 adiungam
798 2176 967 2203 versum
1000 2161 1062 2215 ΙΙ,
1094 2161 1139 2211 2,
1167 2161 1241 2216 63,
1272 2161 1348 2202 ubi
1373 2175 1465 2209 ,non
1495 2161 1622 2203 modo
1653 2162 1792 2204 ceteris

261 2234 307 2275 in
352 2235 533 2287 utroque
576 2232 738 2287 pariter
781 2232 903 2274 fonte
942 2233 1191 2286 corruptum
1230 2245 1282 2272 ex
1318 2231 1515 2274 illecebris
1550 2245 1644 2274 esse
1681 2231 1790 2274 satis

261 2303 500 2359 probabilis
532 2303 790 2359 Kiesslingii
823 2303 1068 2346 coniectura
1099 2300 1245 2357 estu),
1285 2317 1433 2344 verum
1465 2302 1597 2345 etiam
1628 2303 1676 2344 in
1705 2317 1790 2359 quo

263 2374 510 2428 discrepant
541 2375 774 2429 vocabulo,
805 2374 1058 2416 ornamentis
1082 2373 1134 2428 P,
1165 2373 1432 2416 hortamentis
1456 2372 1515 2428 A,
1546 2373 1696 2416 eodem
1713 2382 1791 2415 ‘re-

263 2444 503 2488 vocandum
548 2446 640 2488 erit.
701 2445 816 2487 Nam
861 2459 955 2486 cum
999 2458 1078 2486 nec
1113 2444 1364 2486 ornamentis
1399 2445 1572 2486 tueatur
1609 2443 1791 2486 Poenuli

264 2517 383 2558 locus
420 2515 459 2570 Ι,
490 2516 535 2571 3,
565 2517 618 2558 16
664 2531 792 2572 quem
831 2515 1056 2558 Goellerus
1101 2514 1251 2556 attulit
1294 2513 1396 2556 ‘iam
1440 2516 1484 2556 et
1526 2515 1789 2557 ornamentis

265 2588 371 2629 meis
412 2589 456 2628 et
500 2586 794 2642 sycophantiis
833 2586 972 2628 Tuum
1010 2585 1268 2628 exornabo
1313 2583 1522 2627 villicum'
1566 2586 1610 2626 et
1651 2583 1789 2627 horta-

362 2729 418 2770 14)
445 2728 468 2762 l.
497 2740 522 2762 s.
550 2740 575 2762 s.
603 2738 637 2772 p.
660 2730 740 2770 629,
767 2726 812 2762 cf.
838 2726 879 2762 E.
900 2725 1079 2769 Boeokel,
1105 2724 1233 2761 Exere.
1259 2724 1381 2761 Plaut.
1403 2723 1534 2760 Carlsr.
1561 2723 1617 2760 ed.
1643 2735 1676 2759 a..
1697 2726 1788 2759 18⁷2

267 2797 301 2829 p.
331 2789 372 2820 12
386 2798 463 2830 sqq.
