1904 3106
0 3046 11 3106 -m-ve-
0 2967 3 2971 ·
3 2922 8 2938 „
0 2891 5 2904 -ν
0 2841 13 2867 ,χε
0 2796 16 2823 ,y-
0 2771 3 2774 v

697 113 988 155 -.53:-

207 218 290 262 Sed
318 219 401 262 h6c
432 233 611 274 agamus
644 217 772 274 quoia
802 218 886 260 huc
917 220 1135 259 ventumst
1166 216 1322 272 gratia.

126 301 170 332 ιο
207 289 403 332 Athenas
434 290 606 332 trastuh‘
637 289 718 331 hoc
749 289 870 331 ubist
900 288 1199 344 proscaenium
1234 311 1285 316 —

124 652 167 684 15

126 1124 173 1156 20

201 358 432 415 Tantisper
462 359 562 402 dum
594 357 876 414 transigimus
907 358 1019 401 hanc
1051 357 1317 400 comoediam
1349 371 1429 397 —:

201 430 286 472 Hic
315 430 488 472 habitat
517 430 672 472 mulier
703 431 860 472 nomen
891 430 1036 485 quoist
1067 419 1364 470 Phronesium.

203 499 324 544 Haec
355 501 483 544 huius
517 501 646 543 saecli
678 502 820 543 mores
852 501 897 543 in
929 515 974 542 se
1006 500 1217 555 possidet:

202 571 452 627 Numquam
483 572 538 614 ab
570 574 763 614 amatore
794 571 988 626 postulat
1018 595 1075 601 -
1107 571 1150 612 id
1183 570 1296 625 quod
1327 569 1532 622 datumst,

205 640 288 684 Sed
317 642 521 685 relicuom
553 642 627 684 dat
659 643 833 697 operam
869 666 919 672 -
953 656 1007 684 ne
1039 642 1097 684 sit
1127 641 1350 683 relicuom!

206 711 411 759 [Boscendo
437 712 549 756 atque
574 711 772 746 auferendo
798 713 839 746 ut
863 722 942 746 mos
968 713 1024 747 est
1047 711 1256 754 mulierum,

205 769 303 805 Nam
329 771 448 805 omnis
473 768 511 804 id
535 768 696 814 faciunt,
721 772 834 814 quom
859 781 898 805 se
923 770 1039 805 amari
1065 768 1319 815 intellegunt]

205 822 1236 867 *******‘******

204 913 228 937 ’k
288 913 312 938 ³3
372 917 396 941 *
456 914 478 938 *
540 915 563 939 *
624 915 647 939 ²1:
708 915 731 939 ’l‘
792 914 815 939 ²3
877 914 900 938 ’Β
961 914 984 938 *
1045 913 1068 937 *
1129 913 1152 937 *
1213 913 1236 936 *

205 972 318 1014 Eum
351 973 396 1013 se
427 974 644 1028 peperisse
676 976 856 1028 puerum
888 972 1066 1014 simulat
1097 970 1245 1025 militi,

207 1042 299 1092 Quo
331 1041 458 1084 citius
489 1057 579 1084 rem
610 1043 665 1085 ab
697 1058 748 1085 eo
780 1044 954 1085 avorrat
985 1057 1081 1084 cum
1112 1041 1367 1097 pulvisculo.

210 1113 321 1163 Quid
351 1114 520 1156 multa?
552 1115 589 1156 si
621 1115 722 1170 quid
753 1116 888 1157 re'stat
919 1129 1047 1169 super
1075 1113 1157 1155 hac
1189 1113 1380 1167 muliere,

207 1184 367 1226 Eccum
399 1185 548 1226 amans
579 1185 776 1227 narrabit
806 1186 893 1227 iam
923 1185 1007 1228 huc
1038 1185 1111 1241 qui
1144 1184 1286 1226 veniet
1317 1184 1517 1225 ceterum.

632 1302 1053 1346 DINIARCHVS

156 1432 163 1434 s
207 1383 308 1427 Non
338 1386 479 1428 omnis
511 1389 630 1428 aetas
663 1387 717 1428 aid
747 1387 1074 1441 perdiscendum
1107 1389 1174 1428 sat
1205 1389 1271 1428 est

133 2019 176 2051 10

136 2372 179 2402 15

138 2700 182 2731 20

211 1453 380 1500 [Amanti
405 1455 493 1490 dum
517 1455 556 1490 id
583 1455 770 1501 perdiscat
794 1457 886 1500 quot
910 1458 1039 1501 pereat
1063 1455 1199 1501 modis]

208 1514 356 1569 Neque
388 1517 483 1558 eam
514 1517 725 1558 rationem
758 1518 883 1571 eapse
914 1532 1121 1573 umquam
1153 1514 1295 1558 educit
1326 1514 1487 1568 Venus,

180 1619 183 1621 >
210 1584 347 1634 Quam
378 1588 507 1641 penes
541 1590 762 1629 amantum
794 1590 962 1630 summa
994 1591 1260 1630 summarum
1290 1586 1414 1640 redit,

211 1656 327 1706 Quot
357 1659 506 1700 amans
539 1659 744 1713 exemplis
775 1659 1032 1714 ludificetur,
1062 1661 1167 1714 quot
1198 1658 1338 1700 modis

210 1727 366 1770 Pereat
395 1732 583 1784 quotque
615 1731 814 1771 exoretur
845 1730 1104 1772 exorabulis.

212 1800 324 1846 Quot
353 1798 441 1842 illic
471 1800 725 1855 blanditiae,
757 1803 862 1856 quot
891 1802 982 1843 illic
1012 1801 1272 1854 iracundiae,

213 1867 324 1911 Sunt
353 1872 459 1925 qu6t
491 1871 810 1926 superbimenta
838 1896 892 1902 —-
917 1872 961 1914 di
991 1874 1184 1914 vostram
1216 1871 1364 1923 fidem,
1396 1870 1488 1911 hui!

212 1938 322 1988 Quid
354 1941 587 1996 perierant,
618 1942 718 1984 dum
750 1941 923 1984 eliciant
954 1943 1095 1998 pretia
1125 1946 1317 1985 munera.

214 2009 508 2053 Primumdum
539 2026 702 2054 merces
734 2013 896 2055 annua:
927 2014 964 2055 is
996 2014 1161 2068 primus
1192 2010 1358 2066 bolust3

214 2079 280 2122 Ob
312 2082 407 2122 eam
439 2085 529 2124 tres
559 2083 699 2124 noctis
731 2083 904 2125 dantur:
936 2084 1101 2125 interca
1134 2085 1217 2127 loci

214 2150 467 2194 Auctarium
499 2155 612 2208 orat,
644 2152 791 2196 vinum
822 2157 898 2196 aut
929 2155 1069 2197 oleum
1101 2157 1177 2196 aut
1205 2153 1417 2196 triticum:

213 2221 414 2276 Temptat
444 2223 708 2277 benignusne
740 2225 795 2266 an
827 2225 965 2266 bonae
997 2225 1115 2281 frugi
1143 2225 1238 2267 sies.
1359 2219 1363 2220 ⁷

216 2291 348 2341 Quasi
380 2292 424 2333 1'11
455 2293 669 2347 piscinam
700 2295 790 2336 rete
822 2295 897 2350 qui
926 2295 1112 2337 iaculum
1143 2299 1281 2349 parat,

217 2362 393 2411 Quando
427 2364 533 2405 abiit
565 2368 654 2406 rete
685 2367 859 2420 persum
891 2366 1063 2408 adducit
1093 2365 1263 2421 lineam,

219 2431 264 2474 Si
296 2432 441 2475 im'erit
470 2437 561 2476 rete
592 2435 722 2490 piscis
753 2452 807 2478 ne
839 2437 1017 2492 effugiat
1048 2440 1191 2479 cavet:

218 2501 333 2547 [Dum
357 2501 429 2536 huc
453 2503 542 2537 dum
567 2504 656 2539 illuc
681 2507 888 2549 retorquet,
914 2505 1072 2550 impedit

216 2559 328 2604 piscis
353 2572 468 2604 usque
492 2562 586 2596 adeo
611 2563 728 2598 donec
752 2563 850 2598 foras
876 2563 1018 2610 eduxit]

217 2618 371 2662 Itidem
402 2618 472 2661 isti
506 2625 684 2676 amator,
715 2623 776 2664 sei
807 2622 852 2664 sd
884 2624 997 2678 quod
1029 2628 1180 2667 oratur
1211 2625 1327 2668 dedit

220 2689 361 2744 Atque
392 2691 458 2732 est
489 2691 699 2747 benignus
731 2693 875 2747 potius
907 2709 1034 2749 quam
1066 2695 1185 2750 frugi
1215 2697 1361 2738 bonae.

219 2759 448 2802 Adduntur
477 2764 642 2805 noctes:
672 2762 846 2805 interim
878 2764 950 2805 ille
981 2765 1157 2813 hamum
1190 2770 1325 2808 vorat.

222 2829 268 2871 Si
300 2832 430 2873 semel
463 2833 620 2875 amoris
652 2834 849 2888 poculum
882 2835 1046 2890 accepit
1077 2837 1182 2878 meri
