1904 3106
881 86 1088 128 ——204
1156 112 1203 116 ——

284 188 339 232 Ut
369 191 598 244 postilena
634 192 783 244 possit
817 205 866 234 ex
903 195 938 234 te
967 193 1070 246 fieri.
1098 191 1104 248 Ι
1131 193 1250 236 Post
1277 198 1415 237 autem
1444 197 1530 239 uisi
1557 230 1566 239 .
1594 231 1603 239 .
1632 199 1760 241 ederis
1796 196 1801 255 Ι

278 265 354 303 aut
382 263 503 316 quasi
534 263 756 305 lumbricus
787 266 960 305 terram:
991 265 1100 317 quod
1129 268 1165 306 tc
1187 266 1393 319 postules
1418 301 1427 310 .
1447 300 1457 309 .

395 332 451 388 ΙΙ,
482 333 522 388 3,
558 334 628 376 12:

277 404 466 446 Tristem
487 407 629 447 astare
650 404 829 460 aspicio:
849 406 1005 448 blande
1023 407 1128 449 haec
1147 407 1255 450 mihi
1275 409 1391 451 mala
1404 424 1473 452 res
1494 411 1805 466 appellandast.

275 476 390 517 mala
420 489 485 518 res
521 491 609 518 non
646 477 847 518 dicebant
886 478 1057 533 comici,
1096 479 1170 520 sed
1207 480 1322 521 mala
1351 494 1486 523 mers.
1548 480 1612 524 Cf.
1652 481 1805 524 Cistel-

276 547 411 588 lariae
436 547 512 602 IV,
538 548 577 602 2,
605 548 679 589 61:
710 549 843 590 mala
873 551 1013 600 mers,
1044 563 1132 603 era,
1162 549 1259 592 haec
1288 554 1327 592 et
1355 552 1508 594 callida
1538 556 1612 607 est3
1645 552 1803 596 Persae

276 633 314 660 v.
347 618 451 660 238:
482 632 607 660 mers
639 622 682 660 tu
712 619 844 660 mala
875 633 931 675 es3
973 618 1156 662 Casinae
1182 620 1266 672 III,
1298 622 1343 678 6,
1375 623 1449 665 22:
1481 624 1582 666 noui
1610 637 1678 679 eqo
1708 625 1806 667 illas

276 690 436 732 malas
466 703 656 732 merces.
1184 681 1188 685 ’

393 760 455 815 ΙΙ,
488 761 533 816 8,
567 762 610 803 7:

436 832 659 875 Recessim
691 834 862 876 cedam
893 834 946 876 ad
977 835 1210 889 parietem:
1242 836 1448 878 imitab6r
1477 851 1636 892 nepam

273 904 412 946 cedam
444 903 632 945 eiusdem
666 918 762 946 cum
793 906 978 947 recessim
1008 906 1165 948 radicis
1198 921 1248 949 eo
1274 907 1416 949 minus
1441 907 1617 950 tolerari
1646 909 1803 964 potest,

273 975 387 1030 quod
429 991 468 1017 v.
503 975 557 1017 10
598 975 736 1017 denuo
777 976 928 1018 habes:
973 1009 1018 1019 ..
1044 978 1287 1020 candidatus
1329 978 1457 1020 cedit
1494 978 1560 1020 hic
1598 980 1803 1034 mastiqia.
1871 977 1875 981 ’

271 1045 422 1101 Neque
454 1049 601 1088 tamen
632 1046 934 1089 Palatinorum
965 1048 1257 1092 recensionem
1292 1049 1534 1103 putaverim
1569 1050 1708 1092 redire
1749 1050 1802 1092 ad

269 1118 455 1159 recessim
486 1118 606 1160 dabo
638 1132 723 1172 me,
755 1119 868 1173 quod
899 1118 1025 1160 Pauli
1057 1118 1210 1160 Festus
1242 1134 1282 1173 p.
1318 1119 1372 1161 14
1404 1119 1598 1174 exhibet,
1630 1121 1704 1163 sed
1735 1135 1804 1164 ve-

271 1191 436 1230 tustam
466 1203 616 1230 vocem
648 1189 947 1231 oblitteratam
978 1204 1089 1232 esse:
1120 1191 1305 1232 recessim
1335 1190 1492 1233 betam
1523 1193 1581 1234 ad
1601 1193 1803 1246 parietem

273 1293 311 1302 ..
340 1259 540 1302 Ceterum
571 1274 678 1314 nepa
707 1261 966 1303 vocabulum
997 1261 1216 1315 ceteroqui
1245 1275 1333 1302 non
1365 1261 1494 1303 nimis
1520 1262 1700 1318 vulgare
1731 1263 1802 1305 ad-

273 1331 450 1373 modum
477 1331 777 1386 frequentatur
801 1332 846 1373 in
873 1331 1110 1387 glossariiS,
1127 1331 1251 1386 ,unde
1277 1332 1414 1387 seligo
1442 1331 1530 1374 ‘aa’
1557 1333 1803 1388 glossarum

274 1405 520 1457 corruptam
558 1402 685 1445 hanc:
723 1403 1071 1445 caucertnomiue
1100 1405 1159 1444 est
1190 1403 1388 1455 serpentis
1416 1411 1558 1457 nequa.
1620 1402 1690 1445 Sic
1721 1402 1801 1445 Ca-

275 1473 459 1515 sinensis
491 1474 591 1527 401,
624 1474 691 1515 cui
723 1488 774 1515 ex
806 1476 928 1528 parte
960 1475 1131 1515 tantum
1163 1474 1374 1516 succurrit
1393 1473 1630 1516 Vaticanus
1653 1472 1804 1529 1471⁴‚

272 1544 320 1585 in
351 1559 435 1599 quo
467 1559 626 1586 nomeu.
689 1543 840 1587 Scribo
871 1555 1200 1586 cauccrtnomen
1231 1547 1289 1587 est
1317 1545 1523 1600 serpentis,
1553 1558 1690 1599 nepa.

393 1615 454 1671 ΙΙ,
487 1617 532 1670 8,
565 1616 618 1656 61
654 1630 733 1670 sq.:

362 1686 450 1728 Vin
482 1686 751 1742 lingulacas‘?
791 1691 834 1734 sst
875 1684 986 1736 Quid
1019 1689 1158 1741 opust,
1191 1686 1361 1742 quando
1393 1688 1502 1729 uxor
1534 1686 1724 1728 domist?

363 1757 430 1799 Ea
462 1756 725 1813 lingulacast
755 1757 902 1799 n6bis:
933 1772 1036 1798 nam
1066 1759 1289 1812 nunquam
1319 1759 1446 1800 tacet.

273 1827 534 1882 Lingulacas
573 1828 854 1882 appellabant
885 1826 1015 1869 Festo
1052 1829 1166 1869 teste
1199 1830 1242 1868 et
1272 1827 1410 1882 pisces
1443 1829 1487 1869 et
1518 1827 1802 1882 argutatrices

273 1898 487 1940 mulieres.
547 1898 650 1940 Eice
687 1912 859 1940 versum
891 1898 966 1951 62,
1007 1898 1281 1953 grammatici
1322 1898 1472 1953 procul
1511 1897 1641 1940 dubio
1683 1898 1800 1940 addi-

273 1972 527 2023 tamentum,
559 1983 643 2024 quo
676 1983 849 2023 pessum
882 1968 1007 2010 datur
1037 1968 1121 2010 ioci
1152 1968 1295 2023 lepida
1325 1968 1528 2011 brevitas,

391 2040 475 2095 III,
511 2041 552 2095 1,
589 2040 664 2082 15:

363 2111 473 2161 Quid
505 2126 575 2154 me
606 2125 751 2153 amare
783 2111 938 2166 refert,
967 2110 1054 2152 nisi
1086 2111 1169 2152 sim
1200 2110 1351 2153 doctus
1384 2111 1530 2153 dicax
1561 2111 1711 2153 uiuus

273 2182 324 2223 In
356 2182 437 2224 hac
467 2182 627 2224 veteris
659 2182 819 2225 codicis
852 2182 1066 2236 scriptura
1087 2206 1139 2211 —-
1159 2196 1299 2237 neque
1330 2181 1444 2224 enim
1472 2182 1593 2225 uiuos
1623 2181 1798 2224 exhibet

275 2277 350 2308 —‚
381 2253 491 2295 unde
523 2253 599 2296 alii
635 2254 722 2295 alia
763 2253 1016 2307 elicuerunt,
1055 2252 1163 2294 mihi
1202 2253 1411 2295 dicaculus
1447 2253 1582 2294 latere
1619 2252 1799 2307 videtur,

274 2339 358 2379 quo
403 2324 614 2366 adiectivo
653 2323 831 2366 Plautus
869 2338 971 2365 usus
1016 2325 1082 2365 est
1118 2322 1346 2365 Asinariae
1386 2338 1424 2365 v,
1461 2323 1560 2365 511.
1625 2322 1800 2365 Lacuna

274 2397 419 2437 autem
452 2410 535 2450 quo
562 2394 689 2437 modo
711 2394 923 2450 explenda
949 2394 1006 2435 sit
1032 2393 1201 2435 dubito:
1233 2393 1422 2448 cogitavi
1448 2393 1499 2436 de
1524 2393 1663 2436 doctus
1686 2396 1800 2436 catus

274 2466 483 2508 dicaculus
514 2466 581 2507 vel
613 2465 852 2519 simplicius
884 2465 934 2506 de
965 2464 1104 2507 do'ctus
1133 2477 1182 2506 ac
1211 2464 1431 2507 dicaculus.

390 2536 474 2590 ΙΙΙ,
511 2537 552 2590 1,
585 2536 639 2578 47
675 2551 784 2590 sqq.:

408 2607 646 2663 Postquam
679 2608 730 2648 ea
761 2605 954 2648 adoleuit
986 2606 1039 2648 ad
1071 2620 1164 2648 eam
1197 2607 1439 2661 aetatem,
1469 2608 1524 2648 lit
1554 2605 1660 2647 uiris

407 2669 761 2732 Placere'posset
792 2711 801 2719 .
828 2711 836 2719 .
864 2710 872 2718 .

271 2748 450 2790 Hiatum
492 2749 565 2803 qui
604 2763 850 2790 removeam
891 2748 1053 2802 nescio,
1094 2748 1131 2791 si
1168 2747 1416 2804 displicebit
1453 2747 1678 2790 aetatulam
1711 2761 1791 2802 pro

270 2822 442 2861 aetatem
475 2819 693 2874 scriptum.

1897 2743 1904 2830 ἒ

1895 3046 1904 3106 ...ςι-
1896 2958 1904 3032 nnn
