1904 3106
914 97 1199 140 -96-

290 202 476 244 secunda
495 203 632 244 redeat
645 201 688 258 ¹).
732 202 853 245 Idem
879 203 995 246 haud
1022 205 1111 247 scio
1139 220 1194 247 an
1220 204 1494 247 statuendum
1521 204 1580 247 sit
1598 204 1818 260 Amphitr.

289 288 327 315 v.
353 273 454 326 929,
485 288 613 328 quem
644 274 707 316 ita
737 273 765 316 J
798 275 990 317 exhibet:

438 367 574 410 Iuben
605 369 739 411 miehi
769 372 819 410 ut
850 371 1043 412 comites,
1107 370 1181 412 IV.
1220 368 1365 412 Sanan
1397 370 1473 412 es‘?
1535 369 1623 413 AL.
1656 369 1702 412 Si
1732 385 1822 412 non

1430 442 1551 483 iubes
1583 456 1617 483 e.
1649 456 1687 497 q.
1720 457 1752 483 s.

289 515 456 576 collata·
481 534 564 576 hae
598 534 793 576 codicum
830 535 914 577 BD
950 537 1176 578 memoria:
1221 535 1349 578 Iuben
1389 537 1449 578 mi
1478 538 1539 578 ire
1569 538 1742 592 comites,
1773 540 1823 578 ut

290 606 420 659 plena
451 604 608 646 codicis
639 604 668 645 J
701 606 913 660 scriptura
944 607 1046 648 talis
1079 607 1227 649 fuerit:

440 698 577 741 Iuben
608 700 717 742 mihi
748 701 816 743 vel
848 701 910 742 ire
942 702 1135 743 comites.

290 794 475 836 Videtur
499 794 633 850 igitur
656 809 744 836 non
771 795 862 838 sine
882 811 1012 838 causa
1032 795 1240 838 delevisse
1260 795 1561 840 Fleckeisenus
1579 798 1642 840 ire
1661 811 1824 853 vocem,

291 866 486 921 quamvis
519 865 766 908 dissuadeat
798 865 844 909 C.
863 866 909 909 F.
929 867 998 908 W.
1019 866 1252 910 Muellerus
1285 867 1447 910 ‘Plaut.
1477 867 1620 911 Pros.'
1650 883 1692 923 p.
1726 867 1823 910 115.

411 948 712 998 Quaerendum
745 953 811 991 est
841 965 943 992 num
975 950 1089 992 forte
1121 950 1271 992 eodem
1302 952 1469 1006 spectet
1487 950 1613 1006 Epid.
1633 951 1674 994 V
1692 951 1733 1006 2,
1758 952 1824 1007 14,

293 1034 419 1074 quem
453 1019 515 1061 ita
547 1019 583 1061 B
616 1020 808 1062 exhibet:

439 1113 554 1155 Dum
587 1114 679 1156 sine
712 1129 779 1156 me
811 1130 993 1170 quaeras
1026 1130 1124 1158 mea
1155 1131 1284 1158 causa
1314 1116 1384 1158 uel
1416 1115 1558 1158 medio
1590 1116 1635 1158 in
1666 1116 1775 1158 mari

294 1212 422 1264 atque
454 1209 499 1251 J:

438 1303 554 1345 Dum
587 1304 678 1346 sine
710 1319 947 1360 mequeras.
998 1321 1094 1348 mea
1125 1321 1256 1348 causa
1286 1306 1357 1347 uel
1387 1305 1575 1348 inmedio
1605 1305 1763 1348 inmari

294 1398 428 1440 Deest
460 1398 575 1440 enim
606 1399 715 1441 illud
747 1400 807 1442 vel
838 1401 882 1442 111
915 1399 966 1455 A,
998 1401 1072 1442 ubi
1104 1400 1211 1443 haec
1243 1401 1353 1456 legit
1383 1400 1600 1443 Loewius:

441 1516 510 1546 DU
533 1537 541 1546 .
561 1497 590 1546 .”
590 1537 837 1548 .........
858 1517 1822 1572 SQuAElflasifssjlapAUSAmjlplomMARl

295 1611 414 1661 Quae
447 1611 483 1652 si
517 1614 836 1667 comparaveris
863 1628 960 1655 cum
980 1613 1016 1655 B
1038 1617 1080 1655 et
1097 1613 1138 1669 J,
1169 1628 1258 1656 non
1288 1613 1578 1669 improbabile
1608 1612 1825 1656 videbitur

1606 1684 1648 1709 vel
1666 1683 1698 1708 in
1715 1680 1808 1708 medici

293 1718 458 1773 opinio,
496 1718 649 1760 horum
696 1719 954 1774 scripturam
987 1720 1049 1761 ita
1080 1734 1173 1761 esse
1204 1719 1556 1776 intellegendam:
1607 1719 1737 1761 medio
1775 1719 1823 1760 in

292 1790 414 1831 mari.
482 1787 618 1830 Simul
657 1804 811 1831 moneo
849 1805 937 1832 11011
974 1792 1089 1831 recte
1128 1790 1344 1845 Guyetum
1381 1803 1555 1843 quaeras
1578 1789 1822 1832 ,inseruisse

293 1862 394 1914 post
424 1873 561 1915 causa,
594 1859 667 1901 sed
698 1860 786 1901 tale
818 1860 919 1916 quid
951 1861 1095 1915 potius
1128 1861 1263 1903 videri
1295 1861 1532 1903 exstitisse:

383 1952 499 1995 Dum
536 1956 584 1994 tu
624 1954 715 1996 sine
748 1970 815 1996 me
848 1956 1040 2010 quaeras,
1078 1969 1259 2010 quaeras
1297 1956 1394 1997 mea
1432 1969 1562 1997 causa
1598 1953 1740 1996 medio
1775 1951 1822 1995 in

1431 2040 1552 2068 marl.

295 2119 506 2162 Similiter
536 2120 606 2161 hie
638 2120 727 2161 illic
753 2119 1069 2162 Ambrosianus
1101 2122 1167 2161 est
1198 2122 1438 2174 corruptus,
1469 2120 1589 2162 velut
1611 2118 1738 2174 Epid.
1757 2117 1822 2160 Ill

294 2193 340 2245 4,
372 2191 441 2244 67,
480 2190 552 2232 ubi
584 2201 1166 2233 MULIEREMFIDICINAM
1199 2189 1387 2244 exhibet,
1426 2204 1607 2245 quorum
1638 2189 1822 2231 alterum
1877 2189 1880 2192 ’

294 2277 373 2316 pro
424 2262 561 2304 altero
611 2262 715 2316 poni
765 2253 920 2316 potes‘t.
994 2260 1222 2302 Graviores
1270 2260 1457 2302 indidem
1506 2260 1700 2302 maculae
1749 2259 1820 2301 ad-

296 2347 471 2388 spersae
509 2336 609 2373 sunt
646 2332 819 2373 secundi
857 2334 977 2373 aetus
1016 2331 1204 2373 eiusdem
1242 2331 1416 2373 fabulae
1454 2331 1594 2385 primo
1639 2330 1821 2385 cantico,

296 2403 409 2458 quod
441 2403 505 2444 ita
536 2402 690 2457 incipit
721 2403 764 2443 in
798 2402 854 2443 A:

393 2603 428 2646 1)
460 2600 595 2636 Nescio
628 2611 675 2635 an
707 2601 779 2635 huc
811 2600 997 2646 pertineat
1028 2600 1226 2645 scriptura,
1263 2611 1375 2645 quam
1409 2599 1432 2634 J
1462 2599 1653 2634 Asinariae
1683 2611 1717 2636 v.
1750 2603 1819 2636 249
1880 2606 1886 2610 ’

295 2660 410 2695 habet
446 2671 521 2694 mm
546 2663 579 2694 te
602 2660 728 2695 melius
766 2659 798 2695 i.
851 2659 923 2694 Sed
955 2670 1182 2704 quamquam
1206 2659 1334 2704 potest
1364 2658 1453 2693 olim
1483 2657 1665 2694 exstitisse
1688 2669 1765 2694 non
1788 2662 1822 2695 te

295 2720 422 2754 melius
447 2719 502 2753 vel
525 2730 642 2761 nunc,
680 2719 807 2754 tamen
837 2729 944 2763 posse
976 2717 1090 2752 etiam
1116 2721 1139 2757 *t
1165 2729 1209 2753 ex
1234 2720 1247 2751 t
1278 2718 1399 2752 ortum
1430 2727 1508 2751 esse
1541 2716 1710 2762 (meliust)
1736 2717 1819 2762 quis

296 2777 513 2823 negaverit?
551 2776 612 2813 Sic
638 2778 739 2814 Asin.
759 2781 828 2812 472
855 2778 978 2812 exstat
1002 2777 1039 2812 in
1060 2776 1099 2812 J:
1125 2778 1294 2822 impuren
1318 2777 1344 2811 i.
1370 2776 1449 2818 bili,
1473 2775 1573 2820 quod
1597 2787 1642 2810 ex
1666 2777 1819 2821 impure,

294 2837 406 2870 m'hili
430 2836 568 2872 factum
595 2848 675 2872 esse
702 2836 810 2871 facile
837 2835 958 2880 quivis
982 2835 1180 2880 intellegit.

1896 2835 1904 2858 ,Ι

1896 2861 1904 2920 ἲ
