1904 3106
932 80 1218 122 -52-

311 182 426 223 addi:
460 182 584 223 ‘talia
616 182 666 223 de
699 198 844 225 amore
877 185 983 240 dixi,
1015 200 1130 227 nam
1162 186 1253 240 ipse
1281 187 1481 240 expertus
1508 183 1619 226 sum'
1651 186 1749 239 cet„
1778 184 1842 226 ita

310 253 536 307 aptissime
557 253 801 296 defenditur
820 255 1015 298 versibus
1036 256 1210 298 55—57
1239 256 1276 298 si
1301 270 1378 311 per
1401 269 1502 298 nam
1527 255 1844 310 adiunguntur:

525 348 638 391 Nam
666 351 734 390 me
760 349 893 392 fuisse
919 351 1020 393 111110
1045 351 1186 393 fateor
1214 365 1429 393 summum
1455 352 1584 406 atque
1614 348 1841 406 intumum,

524 419 648 469 Quod
682 421 867 463 amantis
900 422 1038 464 multo
1070 424 1363 476 pessumumst
1394 422 1616 477 pecuniae:

523 490 688 532 Eadem
721 495 949 547 postquam
984 493 1117 535 alium
1148 494 1357 548 repperit,
1388 494 1460 549 qui
1492 493 1589 548 plus
1621 492 1743 534 daret

464 563 491 613 ’ἶ-
523 560 812 605 Damnosiore
844 564 949 605 mihi
982 564 1133 606 exinde
1163 563 1306 618 (exine
1339 562 1395 620 Β)
1427 563 1627 606 immovit
1658 563 1771 616 loco,

458 643 501 674 65
524 631 661 682 Quem
695 633 878 675 antehac
906 634 1101 676 odiosum
1134 632 1218 675 sibi
1251 648 1342 675 esse
1368 633 1638 675 memorabat
1664 631 1839 689 mala95)

521 703 888 759 Babyloniensem
920 703 1120 746 militem.

307 798 426 840 Haec
458 799 575 840 vides
609 813 738 853 quam
771 801 870 854 apte
903 813 952 841 ac
983 799 1205 854 perspicue
1237 814 1313 854 per
1342 813 1444 842 nam
1469 813 1566 842 cum
1597 799 1686 841 illis
1719 814 1839 842 cone-

308 872 496 925 ctantur,
529 885 654 924 quem
681 885 831 911 versus
858 870 914 913 58
930 885 990 926 sq.
1023 870 1128 912 adeo
1155 885 1365 912 conexum
1397 870 1648 926 disperdunt
1673 885 1722 912 ac
1753 871 1838 913 dis-

307 941 470 996 sipant,
501 943 550 982 ut
574 941 624 982 de
651 941 988 996 interpolatione
1015 956 1064 983 co
1090 942 1232 983 minus
1259 941 1533 983 dubitaturus
1546 940 1694 998 81896),
1726 941 1838 997 quod

305 1012 466 1068 frigida
497 1012 573 1054 illa
605 1012 830 1054 adnotatio
872 1027 921 1054 ac
953 1012 1235 1068 ‘veriloquax'
1271 1038 1320 1043 —
1357 1013 1415 1055 sit
1445 1013 1569 1071 venia
1599 1013 1749 1056 verbo!
1781 1038 1837 1043 -—

307 1084 627 1139 grammaticuli
659 1099 787 1139 quam
821 1084 974 1126 comici
1006 1084 1181 1140 ingenio
1208 1084 1379 1140 dignior
1405 1088 1482 1127 est.
1527 1084 1663 1127 Simul
1695 1086 1837 1127 autem

306 1156 387 1198 hac
426 1155 728 1198 observatione
768 1156 938 1197 aliunde
977 1156 1115 1210 petita
1152 1156 1274 1198 illam
1312 1156 1592 1198 offensionem
1633 1156 1837 1211 tollimus,

307 1243 434 1282 quam
474 1227 742 1269 Reinhardto
781 1226 1120 1282 Dziatzkonique
1160 1227 1395 1282 repetitum
1438 1230 1538 1282 post
1576 1227 1684 1282 prol.
1714 1243 1754 1270 v.
1783 1228 1837 1270 12

306 1299 392 1340 Hic
420 1298 580 1341 habitat
609 1299 758 1340 mulier
787 1298 936 1340 no'men
964 1288 1100 1352 Quoist
1122 1298 1399 1341 Phronesium
1429 1299 1567 1341 movit
1596 1299 1704 1341 illud
1734 1313 1839 1353 quae

305 1369 371 1410 hic
400 1369 518 1411 habet
548 1370 836 1412 Phronesium.
882 1369 1153 1424 Quamquam
1184 1384 1261 1424 per
1293 1384 1338 1410 se
1368 1384 1457 1411 non
1488 1369 1625 1412 nimia
1657 1370 1836 1413 offensio

307 1443 441 1496 esset,
480 1441 515 1482 si
547 1442 634 1483 tale
667 1441 769 1496 quid
801 1441 845 1482 in
876 1442 1126 1482 transcursu
1164 1441 1322 1482 iterum
1354 1441 1670 1496 spectatoribus
1700 1441 1838 1484 incul-

307 1515 488 1554 caretur.
551 1512 684 1554 Velut
721 1527 848 1555 nemo
886 1514 991 1568 puto
1028 1513 1075 1554 in
1113 1527 1162 1554 eo
1200 1512 1414 1567 haerebit,
1459 1513 1572 1568 quod
1609 1527 1706 1555 cum
1742 1513 1835 1568 ipse

308 1583 569 1627 Diniarchus
601 1584 759 1626 dixerit
787 1600 826 1627 v.
854 1585 909 1626 74
923 1599 1000 1639 sq.:

520 1679 634 1722 Nam
667 1693 746 1734 ego
779 1678 943 1721 Lemno
977 1679 1130 1721 adveni
1162 1679 1355 1721 Athenas
1386 1678 1542 1721 nudius
1572 1679 1746 1734 tertius,

520 1750 709 1806 Legatus
741 1765 825 1805 quo
857 1750 957 1792 hinc
989 1765 1085 1792 cum
1118 1751 1291 1805 publico
1322 1750 1504 1805 imperio
1535 1748 1682 1806 fui⁹⁷)‚

401 1881 460 1924 95)
499 1879 654 1915 Versum
696 1890 740 1913 cx
780 1878 1076 1923 praeclarissima
1116 1879 1332 1914 Buecheleri
1370 1879 1583 1914 coniectura
1618 1878 1705 1914 dedi
1741 1879 1834 1924 (qui-

303 1939 545 1982 ‹mcmifestaac
569 1938 687 1983 libri),
713 1948 803 1983 prae
829 1949 902 1982 qua
928 1939 1134 1973 ceterorum
1160 1938 1356 1973 conamina
1386 1949 1432 1974 110
1463 1937 1651 1974 afferenda
1682 1937 1833 1984 quidem

304 2001 400 2034 sunt.
438 1998 493 2033 De
512 2010 620 2034 versu
640 2001 685 2033 64
710 1999 842 2042 postea
867 1998 1091 2041 videbimus3
1119 2010 1152 2032 v.
1167 1998 1292 2032 autem
1313 2001 1356 2032 62
1383 1997 1619 2033 sententiam.
1638 1997 1834 2043 Maehlyus

305 2069 422 2103 11111101·
453 2068 686 2103 corrumpere
719 2058 874 2092 conatus
906 2057 1011 2092 cstl.
1038 2069 1064 2092 8.
1093 2069 1119 2092 8.
1152 2068 1189 2102 p.
1218 2060 1284 2091 115
1317 2057 1460 2092 amanti
1491 2067 1702 2102 proponens
1733 2056 1832 2102 quod

305 2130 418 2163 quam
443 2129 656 2163 pervers1m1
683 2117 733 2152 sit
759 2129 790 2152 v.
812 2120 858 2151 24
869 2128 948 2161 sqq.
975 2116 1120 2151 docent.

401 2182 460 2221 96)
486 2177 652 2221 Utraque
683 2176 800 2222 igitur
832 2187 945 2220 quam
970 2175 993 2211 l.
1021 2188 1047 2210 8
1075 2187 1102 2210 8.
1128 2174 1308 2210 Dziatzko
1340 2174 1557 2220 explanavit
1586 2175 1755 2228 offensio,
1789 2177 1834 2211 ut

305 2236 580 2272 ‘retractatum’
609 2247 688 2270 esse
714 2236 810 2270 hunc
835 2234 959 2269 locum
985 2234 1190 2278 evinceret,
1222 2245 1298 2269 una
1322 2246 1405 2269 cum
1431 2234 1587 2270 sublatis
1610 2222 1692 2270 istis
1720 2234 1830 2270 versi-

303 2296 397 2331 culis
423 2296 573 2330 sublata
598 2296 663 2330 est.

401 2357 460 2400 97)
492 2366 562 2400 quo
587 2355 673 2389 hinc
697 2354 908 2399 transposui
939 2365 1023 2388 cum
1048 2353 1201 2398 Bothio,
1234 2353 1454 2399 Spengelius
1484 2364 1567 2388 cum
1599 2353 1697 2388 male
1730 2352 1832 2388 ‘hinc

304 2427 378 2461 quo
405 2414 556 2459 publico
588 2413 758 2458 imperio’
796 2413 982 2448 induxerit
1009 2413 1067 2457 (cf.
1094 2412 1339 2457 Kiesslingius
1364 2413 1388 2448 l.
1416 2425 1443 2447 8.
1469 2414 1523 2457 8.).
1572 2412 1674 2447 Nam
1703 2413 1830 2447 autem

304 2476 376 2509 hoc
401 2474 550 2519 quidem
577 2473 658 2507 1000
683 2472 788 2506 nulla
812 2471 956 2507 ratione
983 2471 1166 2507 offendere
1192 2470 1337 2515 debuit,
1372 2482 1456 2505 cum
1480 2470 1700 2507 Diniarchus
1724 2471 1828 2507 abso-

303 2534 393 2569 lutis
418 2534 493 2568 iam
519 2531 824 2567 meditationibus
849 2530 1163 2575 querimoniisque
1196 2529 1244 2564 ad
1272 2529 1311 2564 id
1343 2540 1382 2564 80
1413 2530 1606 2565 convertat
1633 2529 1674 2565 in
1706 2541 1829 2565 rerum

303 2592 463 2628 veritate
488 2591 588 2636 quod
609 2590 858 2636 conquerendi
878 2601 1025 2625 causam
1046 2590 1216 2625 dederat:
1242 2589 1386 2624 tamdiu
1405 2600 1444 2624 80
1457 2589 1622 2624 Athenas
1640 2600 1829 2624 reversum

304 2663 381 2687 esse
407 2662 527 2695 neque
551 2652 678 2686 tamen
703 2650 862 2685 amicam
895 2649 1088 2684 etiamtum
1121 2648 1266 2692 visisse,
1298 2659 1394 2696 quae
1426 2648 1540 2683 verba
1570 2647 1641 2683 sibi
1670 2647 1759 2683 dare
1790 2658 1830 2682 80

303 2712 452 2756 potesse
479 2712 638 2745 censeat.
677 2710 719 2744 Id
744 2709 824 2754 ipse
850 2708 1012 2753 quodam
1037 2708 1148 2743 modo
1166 2707 1345 2742 Dziatzko
1371 2697 1495 2742 innuit
1518 2718 1553 2752 p.
1575 2709 1637 2742 58:
1666 2706 1766 2742 ‘dass
1790 2717 1830 2742 er

302 2771 397 2805 nach
427 2771 550 2805 seinen
581 2770 713 2815 Ianyen
742 2769 840 2803 mehr
871 2767 1079 2802 abstrakten
1103 2766 1251 2811 Klayen
1281 2767 1359 2801 uml
1383 2765 1620 2810 Reslexionen
1648 2766 1737 2801 iiber
1769 2766 1829 2801 die

303 2829 413 2864 Liebe
437 2830 650 2865 schliesslich
678 2829 771 2863 auch
797 2828 873 2869 auf
890 2828 948 2862 die
972 2827 1094 2862 realem
1114 2826 1358 2861 Verhcatnisse
1381 2826 1520 2871 einyeht
1544 2826 1593 2860 ist
1617 2824 1827 2872 beyreiflich
