1904 3106
930 76 1218 118 -42-

306 179 566 233 scripturam
612 195 663 222 ex
707 181 963 236 compendio
1005 182 1096 225 viris
1143 183 1421 238 repetendam
1470 198 1581 240 esse,
1631 184 1846 240 quoniam-

305 251 446 293 vestris
465 251 676 306 Apuleius
708 267 805 295 cum
823 252 1046 296 Prisciano
1080 255 1317 296 confirmet.
1361 254 1422 297 At
1452 254 1503 297 de
1534 254 1679 310 priore
1710 269 1835 312 argu-

305 323 451 363 mento
490 322 619 364 hodie
650 323 722 364 vix
754 326 820 365 est
856 324 970 379 quod
1000 339 1198 367 moneam
1228 340 1503 381 nequaquam
1534 325 1715 368 eandem
1745 341 1837 369 mu-

303 407 450 434 rorum
482 393 782 449 moeniumque
809 395 1174 451 significationem
1201 411 1312 451 esse,
1343 399 1392 438 ut
1422 395 1836 453 frequentissimam)

304 478 453 505 eorum
497 465 743 507 coniunctio
789 465 858 507 sit.
920 465 1030 508 Tum
1067 466 1368 510 Palatinorum
1407 468 1665 524 scripturam
1707 482 1835 523 posse

303 534 508 577 facillime
541 550 592 577 ex
619 535 871 591 compendio
898 536 1108 579 declarari
1140 551 1265 580 nemo
1290 538 1489 593 negabit:
1519 553 1657 594 neque
1687 539 1835 581 tamen

304 621 355 648 ex
387 605 602 648 Prisciani
633 606 876 663 Apuleique
915 602 1175 651 auctoritate
1214 624 1280 650 res
1321 609 1516 652 confecta
1554 607 1717 667 erit⁷⁹)‚
1760 609 1834 652 sed
1852 636 1862 648 η.

303 693 354 719 ex
387 678 522 732 ipsius
555 679 793 720 sententiae
825 680 1131 722 commoditate
1163 680 1438 723 decernenda.
1480 681 1596 724 Nam
1627 681 1835 723 allittera-

303 747 435 790 tionis
478 748 742 791 lenocinium
776 749 1073 792 secundarium
1106 753 1183 792 est.
1244 750 1339 792 Iam
1371 751 1409 793 si
1439 766 1610 795 versum
1644 752 1835 808 &respi-

307 834 459 861 c1mus:

499 902 611 953 Quid
644 903 685 946 sl'
713 904 763 946 de
795 906 943 946 vostro
977 902 1199 959 quippiam
1232 904 1382 946 orem?
1414 904 1621 961 abnuonss,

303 998 569 1052 oppositioni
601 1000 822 1054 quaesitae
855 1000 1001 1054 aperte
1033 1000 1248 1054 repugnat
1278 998 1391 1040 idem
1416 998 1584 1054 utrique
1609 999 1704 1042 loco
1735 1014 1833 1055 pro-

301 1084 459 1112 nomen
479 1071 754 1126 adplicatum.
796 1070 892 1114 Hoc
912 1085 1013 1113 vero
1032 1070 1352 1113 incommodum
1374 1070 1487 1126 quod
1507 1070 1679 1113 sublato
1705 1070 1833 1113 simul

302 1141 429 1184 foedo
460 1142 584 1185 hiatu
616 1143 903 1185 Buechelerus
934 1143 961 1185 l.
994 1158 1026 1184 s,
1059 1158 1090 1184 s.
1121 1157 1162 1197 p.
1189 1142 1274 1184 569
1307 1142 1370 1184 ita
1401 1141 1588 1184 vitabat:

444 1236 555 1287 Quid
574 1236 627 1289 ,ss
654 1237 705 1279 de
738 1239 887 1279 vostro
919 1235 1143 1293 quippiam
1174 1251 1288 1279 aere
1321 1236 1468 1279 orem?
1501 1237 1712 1294 abnuont,

301 1331 544 1386 speciosum
576 1346 678 1373 sane
711 1332 1002 1374 commentum
1034 1330 1130 1374 ideo
1162 1331 1452 1373 reiectaneum
1483 1331 1583 1387 erit,
1624 1331 1726 1388 quia
1755 1347 1830 1388 op-

300 1402 461 1457 positio
501 1402 737 1444 attenditur
773 1417 863 1445 non
900 1402 1014 1444 inter
1053 1401 1156 1444 ‘aes'
1199 1402 1468 1457 postulatum
1512 1404 1556 1445 et
1599 1403 1708 1446 alias
1749 1418 1832 1456 res,

301 1474 375 1515 sed
414 1474 528 1515 inter
565 1474 667 1516 boni
707 1473 870 1529 publici
913 1472 1139 1515 liberalem
1182 1473 1478 1529 largitionem,
1520 1473 1681 1529 privati
1717 1472 1764 1532 (i.
1795 1489 1830 1517 e.

302 1543 502 1597 ‘vostri')
553 1545 727 1586 anxiam
776 1543 1075 1586 retentionem.
1142 1543 1299 1586 Nullus
1349 1545 1484 1601 igitur
1527 1544 1678 1588 dubito
1727 1546 1831 1602 quin

299 1616 434 1671 priori
495 1616 591 1658 loco
644 1616 815 1671 egregie
863 1614 1036 1669 Lipsius
1092 1615 1239 1658 moeris
1294 1614 1602 1672 vindicaverit,
1650 1616 1830 1660 alterius

301 1689 444 1728 autem
475 1686 615 1729 hiatui
646 1687 709 1728 ita
740 1686 1073 1728 succurrendum
1106 1688 1192 1742 est,
1222 1688 1272 1728 ut
1303 1689 1379 1728 aut
1408 1690 1506 1729 oret
1535 1686 1612 1742 (sc.
1630 1686 1829 1744 Plautus)

303 1758 519 1800 scribatur
557 1772 654 1799 cum
690 1756 963 1814 Mueller080)
1005 1759 1080 1799 aut
1114 1782 1164 1787 —
1205 1757 1318 1812 quod
1361 1758 1470 1800 mihi
1513 1758 1652 1814 magis
1698 1758 1837 1801 etiam-

301 1829 462 1883 arridet
494 1853 547 1859 —
582 1843 762 1871 exorem.
823 1828 938 1871 Nam
979 1828 1181 1870 exorandi
1223 1829 1399 1870 verbum
1439 1844 1527 1872 non
1565 1829 1709 1872 ‘solum
1749 1845 1853 1885 pro,

301 1900 479 1942 ‘orando
511 1899 760 1955 impetrare’
799 1899 1017 1955 usurpari,
1059 1900 1132 1942 sed
1169 1899 1283 1942 idem
1321 1900 1536 1943 interdum
1574 1900 1829 1957 significare,

397 2054 455 2097 78)
488 2052 541 2087 Cf.
575 2052 804 2088 Nicbuhrius
837 2052 923 2087 hist.
958 2051 1062 2087 Rom.
1090 2053 1135 2096 II,
1162 2051 1245 2088 adn.
1272 2055 1335 2095 803
1368 2051 1629 2088 Doederlinius
1665 2051 1825 2088 ‘Lateim

299 2113 438 2159 Synon.
466 2123 502 2147 u.
529 2112 670 2157 Etym'
698 2112 724 2147 t.
752 2113 785 2147 V
811 2124 847 2157 p.
874 2114 955 2146 350.
983 2115 1062 2147 352.
1113 2111 1163 2147 Et
1186 2112 1353 2147 veterum
1378 2111 1601 2157 scriptorum
1625 2111 1664 2148 et
1686 2112 1828 2147 nostra-

299 2173 394 2207 tium
420 2172 664 2216 interpretum
696 2171 798 2206 locos
825 2170 1029 2216 permultos
1056 2181 1139 2206 cum
1165 2169 1230 2205 alii
1256 2171 1520 2216 congesserunt
1543 2172 1624 2206 tum
1649 2169 1828 2216 Forbiger

299 2231 347 2266 ad
373 2231 485 2275 Verg.
512 2232 601 2266 Aen.
629 2230 680 2275 II,
707 2235 786 2266 234.

396 2291 454 2335 79)
493 2290 535 2324 Id
574 2302 658 2325 cum
694 2301 807 2335 penes
839 2289 991 2324 idoneos
1022 2288 1076 2324 rei
1108 2289 1266 2325 arbitros
1297 2301 1371 2325 non
1401 2289 1511 2335 egeat
1546 2287 1826 2334 adprobatione,

301 2349 539 2384 nihilominus
576 2349 707 2384 afferre
743 2349 857 2384 liceat
894 2348 993 2393 quod
1031 2348 1190 2384 maxime
1227 2348 1266 2383 in
1302 2349 1479 2394 promptu
1510 2349 1568 2383 est
1599 2347 1825 2393 exemplume

299 2408 399 2453 quod
432 2408 562 2443 eodem
597 2408 678 2443 loco
704 2407 916 2443 Priscianus
947 2419 991 2442 ex
1018 2407 1124 2442 True..
1152 2407 1185 2451 Ι,
1212 2411 1250 2451 2,
1277 2411 1297 2442 2
1333 2406 1484 2443 exhibet
1516 2407 1621 2443 abeat
1654 2417 1739 2444 cum
1763 2405 1825 2442 OD

299 2466 550 2512 consentiens,
576 2478 684 2502 nemo
710 2468 800 2512 puto
826 2477 913 2512 prae
940 2466 1019 2502 cod.
1039 2467 1069 2500 B
1095 2466 1278 2512 scriptura
1303 2467 1500 2511 a(b)baetat
1523 2465 1688 2511 recipiet.

395 2528 453 2570 80)
479 2526 503 2560 l.
531 2539 556 2560 s.
586 2539 612 2561 s.
640 2538 675 2571 p.
697 2530 783 2570 536,
818 2525 882 2560 ubi
908 2526 991 2561 coll.
1019 2525 1125 2570 Capt.
1151 2537 1185 2561 v.
1212 2530 1291 2562 479.
1318 2530 1385 2561 481
1419 2526 1613 2571 praeterea
1643 2523 1690 2559 de
1720 2526 1826 2569 atque

301 2586 466 2620 abmwnt
492 2584 634 2630 cogitat
658 2584 861 2629 neglegens
893 2583 971 2619 illic
1002 2595 1074 2618 non
1105 2583 1228 2628 ipsum
1258 2595 1474 2629 responsum
1500 2595 1584 2618 eum
1609 2581 1825 2627 quaestione

303 2656 369 2689 per
388 2647 496 2688 atque
521 2642 682 2686 conecti,
709 2642 773 2677 sed
793 2642 929 2677 verba
947 2642 1097 2686 inquam
1118 2662 1162 2667 —
1182 2645 1289 2687 atque
1307 2645 1437 2685 tacent,
1461 2643 1635 2677 abnuont.
1671 2641 1825 2686 Propte-

300 2714 363 2738 rea
389 2704 513 2738 autem
538 2712 678 2738 emorem
703 2699 882 2745 praefero,
908 2700 996 2744 quia
1015 2712 1123 2736 versu
1141 2700 1360 2746 interposito
1387 2699 1483 2735 inter
1507 2700 1606 2735 hunc
1625 2699 1664 2735 et
1681 2711 1716 2735 v.
1733 2703 1823 2735 1-3

301 2773 352 2797 me
377 2773 582 2806 pronomen
607 2762 744 2805 exstat,
777 2761 819 2795 ut
848 2759 926 2795 veri
957 2759 1076 2795 simile
1101 2771 1175 2796 non
1200 2759 1249 2795 sit
1274 2760 1321 2795 ad
1346 2759 1496 2796 tertiam
1520 2770 1718 2805 personam
1743 2760 1824 2805 (po-

299 2822 424 2865 stulat)
451 2833 517 2867 per
542 2824 615 2856 oret
641 2819 760 2856 redire
787 2819 1001 2856 orationem.
1743 2819 1751 2844 Ι

1624 2927 1632 2953 ⁴
