1904 3106
884 97 1175 139 „yffi-

268 202 400 251 βλᾶκα
438 201 616 252 ε’ραετὴν
655 196 1011 255 προεεκπυρῶεαι.
1077 203 1188 245 Ante
1227 204 1373 245 omnia
1405 218 1505 245 vero
1538 218 1795 246 commemo·

265 270 401 311 randa
433 273 498 312 est
524 271 630 313 haec
658 276 827 315 amatae
854 275 1046 317 mulieris
1074 275 1307 330 descriptio
1335 289 1386 316 ex
1412 275 1550 330 capite
1573 275 1646 316 13:
1677 275 1795 326 δεινὴ

266 342 311 382 δὲ
345 342 412 383 καὶ
443 342 496 383 τὰ
527 341 638 384 ἄλλα
670 347 862 397 τεχνῖτις,
896 345 995 397 παρ’
1013 347 1164 397 ἥντινα
1199 346 1341 398 βούλει
1373 348 1462 387 τῶν
1494 345 1675 397 ἑταιρῶν
1706 347 1796 388 ἑπι-

265 412 493 456 επάεαεθαι
525 415 716 466 ἐραετήν,
748 416 815 456 καὶ
848 415 1090 469 ἀμφίβολον
1117 416 1177 458 ἔτι
1197 416 1303 458 ὄντα
1323 416 1429 459 ὅλον
1449 417 1794 469 ὑποποιήεαεθαι,

266 485 331 525 καὶ
358 484 618 536 ἐνεχόμενον
643 487 723 538 ἤδη
751 487 1054 545 ἐπιτεῖναμκαὶ
1074 491 1378 539 προεεκκαῦεαι
1405 486 1515 540 ἄρτι
1541 488 1629 539 μὲν
1654 487 1797 543 ὀργῇ,
1822 518 1826 521 «

264 553 376 606 ἄρτι
410 556 462 596 δὲ
489 558 729 612 κολακείᾳ
755 559 834 600 καὶ
862 559 985 610 μετὰ
1018 560 1194 611 μικρὸν
1226 559 1485 613 ὑπεροψίᾳ
1510 559 1579 600 καὶ
1602 562 1664 614 τῷ
1689 559 1797 610 πρὸς

265 626 414 676 ἕτερον
440 624 687 669 ἀποκλίνειν
714 631 857 670 δοκεῖν
890 630 956 670 καὶ
982 629 1061 681 ὅλη
1089 630 1416 681 ευνεκεκρότητο
1448 627 1749 681 ἁπανταχόθεν
1770 631 1796 682 ἡ

265 698 371 748 γυνὴ
415 698 494 738 καὶ
535 698 701 740 πολλὰ
741 702 1074 752 μηχανήματα
1114 701 1493 752 παρεεκεύαετο
1534 701 1658 742 κατὰ
1694 702 1796 742 τῶν

262 769 501 819 ἑραετῶν.
565 768 683 818 Quae
723 785 820 812 cum
860 771 968 813 alias
1007 786 1058 813 ex
1095 772 1248 827 primis
1285 770 1510 814 Diniarchi
1554 771 1797 814 meditatio-

262 839 388 880 nibus
421 839 731 896 redintegrant,
762 845 856 884 tum
887 842 1017 885 hanc:

286 933 318 987 I⁷
344 935 379 988 1,
399 934 445 975 5:
479 934 594 983 Quot
625 937 776 978 amans
809 938 1018 993 exemplis
1050 938 1306 989 ludificetur,
1339 939 1445 993 qu6t
1477 937 1616 980 modis

477 1005 633 1048 Pereat
665 1011 853 1063 quotque
888 1010 1089 1050 exoretur
1120 1009 1378 1051 exorabulis.

479 1077 594 1126 Quot
626 1077 715 1119 ilh'c
748 1078 997 1134 blanditiae,
1028 1082 1132 1135 quot
1163 1080 1251 1122 illic
1283 1079 1541 1134 iracundiae,

475 1147 584 1190 Sunt
616 1150 722 1203 quot
754 1151 1093 1204 superbimenta:
1126 1150 1168 1192 di
1202 1151 1395 1192 vostram
1425 1150 1565 1205 fidem,
1597 1149 1691 1192 hui!

476 1218 587 1269 Quid
618 1220 848 1275 perierant,
881 1221 982 1263 dum
1015 1221 1191 1264 eliciant
1222 1221 1375 1277 pretia,
1407 1220 1672 1278 mune1·a!⁷⁰>

261 1311 462 1355 Ceterum
494 1315 539 1356 in
571 1316 647 1357 illa
679 1315 958 1371 Alciphronis
991 1317 1178 1372 epistula
1208 1316 1285 1371 ΙΙΙ,
1305 1317 1362 1359 50
1394 1331 1490 1358 cum
1522 1330 1656 1371 sagax
1688 1316 1790 1358 Mei-

260 1384 375 1425 nekii
414 1386 637 1440 ingenium
675 1387 894 1443 indagarit
926 1389 1075 1430 verba:
1120 1388 1154 1430 εἰ
1194 1389 1276 1439 γὰρ
1317 1388 1376 1430 εἰ(
1417 1388 1576 1440 ταύτην
1615 1387 1787 1430 ἅπαντα

258 1456 398 1508 τεθείη
430 1457 483 1498 τὰ
515 1458 732 1509 προεόντα
763 1459 904 1514 τούτῳ
935 1463 997 1514 τῷ
1032 1459 1247 1514 βελτίετῳ,
1288 1462 1459 1511 καλῆς,
1498 1457 1533 1499 ὦ
1565 1459 1674 1511 θεοί,
1705 1473 1790 1502 κα-

258 1642 338 1666 esse
363 1644 472 1668 nemo
498 1633 635 1669 infitias
666 1634 747 1669 ibit.
798 1635 966 1670 Breviter
1003 1635 1207 1681 adiungam
1246 1647 1290 1670 ex
1328 1635 1458 1670 eadem
1491 1635 1642 1670 fabulae
1678 1635 1786 1680 parte

258 1702 291 1725 v.
321 1691 372 1736 II,
399 1697 430 1737 6,
458 1697 519 1728 45:

828 1755 880 1797 (a,
907 1765 1050 1798 nequeo
1076 1754 1202 1798 caput)

305 1810 453 1845 Tollere
479 1812 534 1846 ita
559 1811 650 1847 dout
674 1812 803 1856 itaque
830 1824 899 1858 ego
926 1813 1075 1848 medulo
1101 1815 1174 1857 (me
1200 1812 1285 1848 dolo
1311 1812 1386 1858 OD)
1412 1823 1532 1857 neque
1556 1811 1668 1848 eliam
1694 1812 1784 1856 (iam

1115 1871 1193 1917 CD)
1218 1883 1313 1916 queo

306 1927 481 1972 (Pedibus
507 1941 590 1964 mea
616 1932 746 1975 sponte
773 1932 978 1976 ambulare)

255 2000 356 2034 recte
393 2000 487 2034 dolet
527 2000 825 2037 Studemundum
865 2002 1178 2048 Spengeliumque
1215 2000 1441 2045 restituisse,
1478 2001 1541 2036 vix
1577 2002 1679 2038 recte
1716 2013 1784 2037 nec

258 2057 501 2103 Spengelium
526 2065 658 2105 eyomet
682 2062 785 2097 dolui
810 2063 869 2097 vel
896 2074 957 2108 eqo
981 2074 1035 2098 me
1059 2063 1186 2098 crucio
1207 2072 1275 2096 nec
1299 2060 1581 2095 Fleckeisenum
1605 2061 1630 2096 l.
1657 2073 1684 2096 s.
1705 2059 1730 2096 d.
1757 2062 1784 2096 t.

257 2118 335 2152 (2111
367 2130 402 2163 p.
430 2123 496 2153 811
531 2130 593 2163 eqo
623 2121 703 2155 med
733 2132 811 2156 uro.
862 2121 959 2156 Nam
990 2121 1088 2156 inter
1118 2122 1232 2165 caput
1263 2120 1302 2154 et
1331 2119 1444 2164 pedes
1475 2130 1558 2154 cum
1590 2119 1783 2165 aptissime

258 2175 454 2211 ‘medulla’
495 2181 820 2225 commemoretur,
858 2180 955 2215 hanc
992 2191 1122 2215 vocem
1158 2179 1197 2214 in
1234 2179 1374 2214 medulo
1411 2178 1529 2213 latere
1566 2189 1783 2224 persuasum

254 2235 386 2280 habeo,
414 2237 485 2271 etsi
510 2237 589 2282 ipse
616 2250 742 2274 versus
764 2239 827 2284 qui
846 2239 1092 2285 probabiliter
1110 2239 1241 2283 refingi
1260 2237 1377 2283 possit
1394 2237 1558 2272 nondum
1579 2236 1781 2272 enucleavi.

352 2308 410 2351 70)
437 2307 490 2341 De
516 2308 647 2343 horum
666 2321 838 2344 versuum
865 2308 1051 2354 scriptura
1076 2307 1265 2353 disputaxi
1286 2308 1365 2342 Act.
1387 2318 1460 2342 soc.
1480 2306 1570 2351 phil.
1592 2306 1693 2352 Lips.
1713 2307 1783 2343 t.1[

254 2377 290 2410 p,
329 2368 397 2400 458
423 2378 519 2410 sqq.,
557 2367 621 2402 ubi
660 2379 743 2403 cum
780 2367 1035 2413 proposuerim
1072 2370 1157 2412 quot
1194 2367 1343 2410 insuper
1381 2365 1558 2400 lamentae
1593 2375 1661 2409 pro
1697 2368 1783 2400 sumt

254 2428 339 2469 quot
374 2426 434 2459 sui
461 2437 530 2470 per
568 2427 780 2469 clamanda,
818 2427 893 2462 iam
929 2438 972 2461 ex
1005 2426 1186 2461 librorum
1217 2423 1384 2469 vestigiis
1408 2423 1629 2458 vocabulum
1656 2435 1783 2460 eruere

254 2494 365 2518 ausus
393 2495 483 2528 sum,
510 2484 610 2528 quod
629 2485 814 2530 ὑπεροψίᾳ
834 2485 1091 2531 responderet3
1119 2484 1294 2529 (eliciant)
1307 2474 1433 2528 pretia‘
1452 2485 1577 2519 autem
1595 2483 1695 2528 quod
1714 2494 1781 2529 pro

254 2543 389 2588 (etiam)
409 2546 533 2587 preter
559 2544 733 2578 substitui
759 2555 801 2579 eo
834 2545 1088 2588 confirmatur,
1114 2542 1213 2588 quod
1238 2554 1273 2578 v.
1300 2546 1319 2577 7
1346 2541 1491 2576 codices
1516 2542 1697 2578 blanditer
1721 2553 1781 2577 ex—

253 2602 385 2637 hibent
403 2614 471 2647 pro
491 2602 702 2638 blanditiae.
741 2602 912 2638 Ceterum
932 2602 1147 2647 Maehlyum
1172 2599 1321 2635 interim
1334 2601 1478 2646 pericla
1497 2601 1658 2637 amanda
1682 2611 1779 2636 com-

254 2661 445 2696 mendasse
471 2671 545 2695 non
572 2659 740 2695 afferrem
765 2661 836 2696 nisi
861 2661 1040 2696 insulsam
1061 2660 1282 2705 scripturam
1302 2659 1442 2695 dudum
1461 2660 1500 2695 in
1521 2659 1682 2695 editione
1701 2658 1779 2694 vul-

254 2719 450 2765 gatissima
469 2720 953 2755 Taubmanno-Gruteriana
972 2721 1116 2755 exstare
1142 2730 1188 2753 ne
1208 2719 1406 2754 Lorenzius
1430 2718 1579 2763 quidem
1599 2716 1779 2762 (Bursian.
1826 2750 1831 2754 .

256 2778 493 2815 ‘Jaln·esber.’
529 2790 561 2813 a.
597 2783 685 2814 1873
724 2791 758 2824 p.
786 2781 875 2824 386)
912 2779 1116 2814 monuisset
1151 2778 1190 2812 in
1222 2777 1358 2812 ceteris
1395 2779 1483 2823 apte
1520 2777 1778 2812 demonstrans

255 2837 468 2881 Maeblyum
494 2849 625 2882 parum
652 2837 798 2872 novisse
825 2837 1016 2872 hominum
1042 2836 1236 2871 doctorum
1262 2836 1482 2871 commenta.
