1904 3106
711 109 1008 151 ..47-

100 213 249 256 cadem
287 213 456 256 ratione
493 228 747 269 componere
790 214 895 256 artis
940 228 1033 255 esse
1073 213 1301 255 Plautinae
1344 211 1625 268 (oeulierepide

102 283 388 338 erudierepide
426 284 566 339 libri),
610 285 752 327 minus
791 287 907 326 recte
945 298 1042 326 cum
1078 283 1270 329 Beckero
1308 282 1623 340 (mllioreffidae)

101 353 322 410 Guyetove
351 352 731 411 (scapulierepidae)
761 355 949 411 priorem
982 355 1209 410 compositi
1239 357 1407 410 partem
1438 356 1623 397 tentabi-

103 439 219 467 mus:
255 425 388 467 immo
420 425 483 468 ita
513 425 608 468 loeo
640 425 946 468 consulendum
977 426 1078 480 erit,
1113 428 1162 467 ut
1193 426 1245 468 ad
1277 426 1384 468 oculi
1414 425 1622 468 addamus

101 494 216 551 quod
245 498 402 550 aptum
428 495 487 537 sit
516 496 830 551 molestamque
861 496 993 538 evitet
1022 495 1337 551 repetitionem.
1381 496 1476 547 Qua
1502 498 1547 539 in
1577 512 1624 539 re

0 566 2 573 ¹
77 565 210 624 ¹nihil
237 565 601 608 accommodatius
627 566 709 608 erit
732 581 861 622 quam
887 567 1115 621 oeulileffl,
1140 566 1217 622 (se.
1238 567 1368 624 servi)
1393 571 1442 610 ut
1467 570 1624 611 scriba-

101 634 258 693 mus⁸⁷)
282 637 379 679 coll.
398 633 558 679 Bacch.v
573 652 610 679 v.
625 638 731 680 913:
757 638 886 692 Limn'
903 638 990 680 illic
1007 638 1114 680 oculi
1130 651 1263 680 servos
1282 642 1339 681 est
1361 639 1623 694 simulamus,

99 705 215 750 Pers.
233 722 272 750 v,
287 708 359 750 11:
389 707 472 750 Sed
493 710 614 762 quasi
638 709 748 763 limm
772 710 884 751 oculo
915 723 979 751 me
995 722 1088 752 erus
1106 723 1218 751 naeus
1236 723 1406 752 ”tanum
1425 711 1625 754 abstinere

99 777 185 820 hau
213 778 303 831 quit
331 781 484 834 tamen,
514 779 643 822 Poen.
674 779 707 834 Ι,
738 781 778 834 2,
804 780 905 823 182:
938 779 1089 822 Oculus
1117 780 1259 835 huius,
1290 781 1491 835 lfflpitudo
1521 797 1622 825 mea.

205 846 421 891 ‘Ceterum
450 849 558 891 haee
589 851 734 892 omnia
764 865 852 893 non
887 851 1041 907 ignoro
1074 851 1198 907 valde
1229 851 1500 907 displicitura
1531 869 1624 896 esse

101 919 142 962 ei
171 919 245 974 qui
274 934 411 975 nuper
440 919 588 963 Plauti
620 920 771 963 edendi
803 921 1030 964 consilium
1062 923 1190 977 cepit.
1239 922 1323 972 Qui
1354 938 1451 966 eum
1476 923 1623 967 Fleck-

101 990 269 1032 eisenus
289 990 449 1046 Amph.
468 1007 507 1034 v.
529 991 641 1034 1058
667 1006 717 1033 eo
749 992 1079 1048 progrederetur
1104 993 1306 1035 audaciae
1312 1026 1324 1048 ,
1356 996 1405 1035 ut
1428 995 1625 1050 neglecta

101 1061 295 1104 codicum
334 1062 564 1104 sanctitate
606 1062 798 1116 cmw'ipta
833 1064 1110 1115 παρηχήεεωε
1154 1078 1282 1105 causa
1323 1064 1504 1107 inferret
1546 1081 1623 1121 pro

99 1136 291 1187 corrupta
322 1131 576 1188 (eomcmpta
604 1147 696 1176 snm
726 1137 845 1187 atque
874 1134 1091 1188 absumpta
1119 1134 1250 1189 sum),
1286 1150 1371 1190 qua
1408 1137 1520 1178 solet
1558 1153 1623 1180 sa-

102 1202 265 1258 pientia
293 1202 403 1245 talia
433 1203 621 1246 ‘inventa
650 1219 729 1246 nos
760 1204 1115 1247 animadvertere’
1147 1206 1335 1261 edocuit,
1376 1205 1442 1248 ‘de
1473 1211 1621 1250 nostro

101 1273 260 1316 inferre
301 1288 391 1316 non
434 1274 598 1316 decere'
640 1274 755 1330 (adn.
787 1276 852 1318 ad.
883 1291 922 1318 V.
957 1276 1070 1318 1075
1101 1276 1164 1318 ed.
1189 1275 1273 1331 U.).
1334 1277 1432 1332 Ipse
1476 1282 1620 1321 autem

101 1343 240 1386 editor
275 1344 463 1400 optimus
501 1345 607 1388 adeo
638 1360 725 1388 non
757 1345 1106 1401 ‘animadvertit’,
1142 1350 1191 1389 ut
1225 1348 1332 1390 talia
1368 1349 1622 1393 miserrimis

101 1414 358 1456 coniecturis
393 1416 605 1458 removeri
643 1416 823 1459 ‘decere'
859 1420 961 1472 post
996 1420 1085 1460 tres
1117 1433 1264 1460 versus
1302 1420 1520 1462 luculento
1552 1436 1622 1464 ex—

102 1485 243 1540 emplo
273 1485 442 1539 prodat.
498 1486 611 1528 Nam
649 1502 733 1542 quo
774 1488 870 1543 ipso
908 1503 1032 1530 versu
1070 1489 1236 1531 innisus
1268 1488 1527 1546 Spengelius
1559 1493 1621 1534 in-

3 1547 21 1581 9
99 1554 204 1596 felix
239 1555 343 1597 illud
386 1556 707 1610 walistrqmlae,
747 1559 1043 1612 murimqndae
1079 1561 1426 1616 commendabat,
1465 1563 1622 1618 Amph.

101 1624 156 1678 V,
184 1626 221 1679 1,
243 1625 319 1667 10:

162 1706 376 1762 Strepitus
399 1680 612 1764 crepitus,
644 1711 810 1753 sonitus
841 1711 1046 1768 tonitrus,
1077 1715 1126 1755 ut
1156 1714 1318 1770 subito,
1348 1719 1397 1758 ut
1428 1731 1622 1772 propere,

946 1787 995 1825 ut
1026 1785 1166 1827 valide
1197 1787 1357 1841 tonuit,

23 1868 25 1870 ’
100 1865 198 1914 011111
237 1872 375 1914 nollet
412 1873 551 1927 primo
586 1877 635 1915 ut
668 1874 808 1918 deleto
846 1890 943 1918 cum
980 1877 1228 1921 Hermanno
1247 1878 1621 1938 'Fleckeisenoque

0 1964 29 2006 ,-
98 1942 239 1984 locum
270 1943 317 1984 in
348 1943 670 2001 anapaesticum
695 1947 966 1989 octonarium
992 1949 1185 2004 redigere
1203 1950 1452 2007 Ussiugius,
1485 1953 1545 1994 sie
1576 1957 1620 1995 et

9 2006 23 2020 S

101 2027 128 2055 3
157 2027 351 2056 sermone
382 2016 427 2055 et
456 2029 482 2055 a
511 2016 731 2068 parechesi
764 2015 1090 2073 ‘corrumptum'
1121 2020 1258 2062 dedit:

160 2105 392 2169 Strepitus,
422 2109 626 2163 crepitUS,
655 2110 821 2152 sonitus
846 2112 976 2154 tonit:
1007 2115 1055 2153 ut
1080 2113 1243 2168 subito,
1273 2117 1322 2157 ut
1346 2131 1545 2171 propere,
1571 2122 1619 2160 ut

946 2183 1087 2224 valide
1116 2185 1272 2227 tonuit.

100 2257 262 2301 Veram
298 2261 555 2316 scripturam
592 2261 710 2304 facili
746 2264 922 2319 negotio
959 2280 1279 2322 recuperamuS,
1323 2269 1359 2310 si
1396 2269 1535 2312 deleto
1572 2275 1621 2313 ut

22 2315 30 2364 ἶ
102 2329 236 2371 valide
265 2331 412 2385 tonuit,
451 2332 563 2386 quod
604 2336 749 2387 aperte
786 2348 839 2375 ex
868 2349 994 2377 versu
1029 2336 1141 2377 1130
1170 2350 1295 2389 quam
1324 2340 1458 2381 wlide
1487 2343 1620 2384 tonuit

196 2479 242 2524 ⁸⁷)
266 2480 426 2516 Extrusa
450 2482 569 2517 altera
592 2484 621 2517 Ii
645 2484 791 2528 syllaba
814 2485 974 2520 librariis
998 2486 1163 2531 proclive
1188 2490 1268 2524 erat
1286 2500 1330 2524 ex
1350 2492 1618 2536 erurierepidae

26 2535 28 2538 ’
102 2548 197 2581 quae
222 2538 388 2582 sequitur
411 2539 531 2575 forma
555 2542 728 2586 supplere
753 2544 1083 2590 oculi(ere)pi(dae).
1121 2545 1253 2590 Itaque
1278 2548 1531 2593 σοΠὶωτΡίᾱαε
1554 2550 1616 2585 de·

0 2596 1 2653 J
42 2617 47 2619 -
100 2596 274 2631 mendum
294 2597 365 2631 erit
382 2598 427 2633 de
447 2600 623 2645 exemplis
641 2601 822 2637 similibus
840 2603 945 2637 velut
957 2604 1215 2648 playipatidae
1233 2606 1339 2642 Most.
1354 2619 1387 2642 v.
1402 2611 1483 2651 356,
1510 2607 1614 2653 Capt.

101 2665 136 2689 v.
155 2658 242 2697 4⁷²3
268 2654 313 2690 cf.
333 2658 526 2700 praeterea
542 2658 639 2694 Men.
660 2671 693 2694 v.
712 2664 799 2703 210,
825 2661 923 2696 Pers.
942 2674 976 2697 v.
999 2665 1067 2697 702
1079 2674 1172 2707 sqq„
1198 2664 1327 2699 Pseud.
1347 2678 1381 2701 v.
1402 2670 1483 2710 988,
1509 2666 1615 2712 Capt.

2 2746 7 2758 Ι
39 2730 44 2770 ss
98 2723 134 2748 v.
154 2715 240 2758 285,
277 2713 436 2759 denique
461 2716 572 2751 Poen.
597 2717 690 2761 prol.
715 2730 749 2753 v.
775 2723 821 2754 54
859 2720 1204 2766 Pultiphayonides,
1241 2735 1351 2768 quem
1383 2735 1456 2759 non
1486 2725 1615 2760 dubito

3 2782 7 2798 ι
101 2770 191 2814 quin
215 2770 338 2817 ipsum
367 2773 541 2808 Plautum
569 2775 739 2819 ‘poetam
763 2777 983 2814 barbarum'
1016 2779 1250 2816 denotaverit
1279 2782 1363 2817 coll.
1394 2782 1555 2819 Mostell.
1579 2796 1615 2820 v.

0 2812 3 2813 ⁷
101 2830 186 2864 828:
215 2829 440 2876 ‘pultifagus
465 2832 598 2877 opufex
622 2834 830 2870 barbarus?
