1904 3106
930 75 1222 116 -22..

428 179 608 222 Accedit
641 183 786 223 autem
818 180 931 235 quod
962 180 1058 235 ipsa
1083 179 1283 236 Sicyonis
1315 182 1582 237 oppugnatio
1614 179 1660 225 in
1690 182 1837 226 Plauti

314 251 480 295 Curcul.
518 267 554 295 v.
587 252 675 294 394
707 267 768 307 sq.
810 267 861 294 ex
904 266 1061 308 graeco
1098 251 1305 294 nimirum
1344 253 1540 308 exemplo
1581 268 1840 298 commemo-

313 325 443 366 ratur.
506 322 631 373 Quod
665 338 762 365 cum
802 323 890 364 iam
922 321 1174 378 Droysenus
1188 321 1243 380 4⁴)
1289 324 1587 367 observaverit
1618 324 1839 367 Usenerus

312 393 478 436 addidit
515 408 603 436 non
642 393 733 435 sine
771 396 890 436 certa
926 394 1094 436 ratione
1132 394 1178 436 in
1215 394 1369 437 Pseud.
1402 411 1439 438 v.
1471 396 1557 438 993
1584 410 1674 451 sqq.
1715 396 1841 439 1098.

316 465 430 507 1174
469 464 666 519 Sicyonis
707 464 972 507 mentionem
1013 465 1126 506 inici.
1199 464 1352 521 Itaque
1392 466 1483 508 sive
1525 466 1603 508 illa
1645 469 1842 522 tempora

309 537 465 592 quibus
499 535 681 592 Sicyone
713 538 962 591 expugnata
993 534 1050 592 (a.
1083 536 1169 578 303
1201 551 1237 579 a.
1270 535 1316 578 C.
1347 536 1408 594 n.)
1439 537 1542 580 urbs
1573 537 1843 580 translocata

309 610 353 650 et
402 608 447 650 in
497 607 711 651 Demetrii
761 607 993 662 honorem,
1043 622 1170 663 quem
1218 607 1277 650 ὡ(
1320 609 1485 661 κτίετην
1535 610 1839 651 venerarentur

309 679 453 735 (Diod.
493 680 592 735 XX,
633 680 735 734 1023
786 679 913 721 Paus.
952 679 1009 734 II,
1053 678 1097 735 7)
1152 679 1221 721 vel
1277 679 1566 723 ‘Demetrias'
1622 679 1842 735 appellata

308 753 424 793 esset
436 749 503 808 45),
536 766 686 793 ansam
718 749 969 805 praebuisse
1002 750 1229 806 sumimus,
1260 750 1350 793 sive
1383 751 1471 793 alia
1511 751 1687 794 subesse
1729 765 1838 806 quae

308 825 503 864 nostram
556 822 623 864 vel
674 836 814 863 meam
871 823 985 863 certe
1034 821 1238 864 notitiam
1293 821 1485 877 fugiunt,
1538 822 1647 865 illud
1703 821 1840 864 stabit

307 894 583 949 manebitque
623 908 705 948 quo
737 892 973 935 Menander
1011 894 1205 947 tempore
1244 892 1419 948 scripsit
1450 893 1595 950 aliqua
1626 893 1677 935 de
1708 908 1840 936 causa

311 964 540 1020 Sicyonem
591 963 981 1019 Sicyoniorumque
1036 963 1342 1006 truculentiam
1393 964 1447 1006 ab
1498 963 1839 1007 Atheniensibus

308 1036 468 1078 recenti
500 1035 712 1078 memoria
744 1036 956 1091 agitatam
989 1049 1093 1077 esse.

427 1107 520 1149 Iam
552 1106 686 1162 igitur
717 1107 771 1148 ad
803 1106 1030 1148 Menandri
1063 1105 1312 1161 Sicyonium
1344 1109 1392 1149 ut
1422 1109 1691 1150 revertamur
1722 1106 1838 1150 Stra-

307 1178 510 1233 tophanis
551 1177 910 1232 Stratullacisque
948 1177 1144 1232 personis
1185 1192 1291 1232 quas
1330 1177 1678 1233 recuperavimus
1708 1178 1842 1220 tertia

308 1249 573 1304 Astaphium
611 1248 806 1291 addenda
843 1250 920 1290 est.
981 1246 1095 1290 Nam
1136 1246 1287 1290 Suidas
1326 1263 1364 1290 v.
1402 1247 1511 1301 ἅβρα
1549 1264 1599 1291 ex
1638 1248 1840 1305 Sicyonio

309 1320 493 1375 profert:

882 1391 985 1446 [καὶ]
1019 1390 1156 1444 ἅβραν
1187 1391 1269 1442 γὰρ
1301 1389 1627 1444 ἀντωνούμενος

524 1464 744 1516 ἐρωμένην
777 1463 882 1518 αὐτῇ
915 1463 992 1514 μὲν
1024 1462 1076 1504 οὐ
1108 1461 1321 1514 παρέδωκ’
1347 1461 1473 1514 ἔχειν,
1577 1464 1581 1469 ’

523 1537 698 1587 τρέφειν
730 1536 776 1576 δὲ
810 1535 957 1587 χωρίς,
989 1534 1048 1576 ὼε
1080 1535 1284 1588 ἐλευθέρᾳ
1315 1535 1479 1586 πρέπει.

310 1630 388 1672 His
421 1631 618 1672 versibus
651 1630 807 1684 quibus
840 1628 1077 1671 scribendis
1110 1628 1458 1684 explicandisque
1495 1643 1584 1671 non
1614 1644 1700 1671 una
1729 1629 1840 1672 diffi-

311 1702 449 1744 cultas
489 1702 666 1743 offertur
704 1715 966 1756 quamquam
1005 1700 1114 1742 nihil
1152 1701 1384 1755 respondet
1421 1700 1466 1742 in
1497 1699 1643 1742 Plauti
1679 1701 1841 1756 fabula,

310 1773 447 1827 ipsius
481 1775 625 1815 tamen
658 1773 809 1825 ἅβρας,
841 1772 1010 1826 faveae,
1042 1771 1269 1827 delicatae,
1301 1786 1431 1827 quam
1463 1775 1651 1824 ευνεχῶε
1676 1786 1839 1824 πεμπο-

311 1846 460 1896 μένην,
506 1844 778 1896 περίκουρον,
822 1843 1076 1896 τιμιωτάτην
1118 1846 1206 1886 τῶν
1250 1830 1630 1900 θεραπαινίδωνὶθ)
1673 1846 1842 1898 vocant,

407 2034 466 2077 44)
499 2032 552 2068 Cf.
586 2032 782 2077 Droysen.‚
818 2031 956 2067 ‘Geseli
985 2032 1020 2066 d.
1047 2031 1159 2066 Hell.’
1188 2032 1213 2065 t.
1241 2031 1255 2064 I
1288 2042 1323 2076 p.
1351 2034 1419 2066 507
1445 2031 1548 2074 adn.;
1592 2025 1776 2066 Usenerus
1800 2030 1840 2066 in

314 2091 439 2137 Symb.
467 2091 558 2137 phil.
587 2091 701 2126 Bonn.
731 2091 899 2126 ‘Naehtr.
926 2102 955 2126 z.
983 2091 1105 2127 Gesch.
1131 2091 1165 2126 d.
1192 2077 1256 2126 ati.
1287 2090 1427 2125 Theat.’
1455 2102 1490 2135 p.
1517 2094 1598 2126 592.

407 2154 466 2195 45)
494 2150 546 2186 Cf.
574 2151 751 2195 Droysen.
778 2149 801 2185 1.
829 2162 855 2185 S.
881 2161 908 2185 s.
934 2163 970 2195 p.
992 2154 1060 2185 438
1081 2161 1159 2194 sqq.
1194 2153 1260 2184 503
1281 2161 1359 2194 sqq.
1430 2182 1444 2195 ‚

407 2213 466 2255 46)
512 2210 663 2245 Summo
707 2210 846 2245 honore
890 2221 974 2244 cum
1018 2208 1132 2244 etiam
1175 2207 1397 2252 Astaphium
1441 2218 1555 2252 penes
1597 2207 1840 2244 Phronesium

313 2269 445 2304 floreat
470 2281 513 2304 ex
546 2282 617 2305 uno
650 2271 731 2305 loeo
763 2268 1040 2314 corruptissimo
1073 2267 1191 2302 critici
1223 2265 1358 2301 acriter
1389 2277 1471 2301 eam
1495 2265 1680 2312 increpari
1704 2267 1752 2302 ab
1777 2278 1841 2303 era

313 2328 522 2364 effecerunt.
573 2329 671 2362 Nam
706 2327 927 2363 adveniente
961 2327 1013 2371 ΙΙ,
1039 2332 1071 2370 6,
1101 2330 1142 2360 19
1170 2324 1289 2360 milite
1315 2325 1380 2360 ubi
1411 2325 1550 2360 ancilla
1572 2326 1716 2361 monet:
1741 2337 1841 2366 nunc

313 2388 382 2422 tibi
415 2389 522 2431 opust
559 2397 706 2431 aegram
743 2389 784 2421 ut
822 2389 854 2421 te
892 2386 1086 2421 adsimules
1111 2383 1350 2419 Phronesium
1380 2384 1474 2420 Tace
1509 2385 1718 2430 respondet,
1754 2384 1841 2421 dein

313 2445 495 2490 sequitur:

364 2515 431 2551 Cui
456 2515 578 2550 adhuc
605 2527 675 2561 ego
700 2516 741 2551 tu
767 2515 868 2551 mala
892 2527 1014 2551 meam
1040 2515 1190 2550 emonet
1213 2513 1313 2548 ruria
1337 2525 1396 2549 me
1422 2513 1583 2550 malficio
1609 2513 1804 2559 uincerent,

314 2587 411 2622 unde
447 2586 668 2631 Spengelius
703 2586 842 2621 effecit:
883 2586 968 2621 Seio
998 2597 1060 2631 eyo
1090 2586 1164 2621 hoc.
1202 2588 1243 2619 tu
1272 2585 1410 2628 malum
1439 2586 1495 2620 me'
1521 2585 1757 2629 monitura’s,
1786 2585 1843 2620 me'

316 2647 471 2690 malfieio
501 2646 687 2681 vinceres?
732 2657 774 2680 ac
806 2647 952 2681 retento
983 2656 1037 2680 me
1067 2646 1223 2689 malficio
1253 2645 1411 2680 vinceres
1444 2644 1706 2680 Fleckeisenus
1743 2644 1838 2678 Anu.

315 2705 406 2750 phil.
434 2706 459 2740 t.
487 2704 532 2739 CI
558 2717 592 2750 p.
622 2709 688 2740 782
716 2705 798 2739 Hui
815 2705 828 2749 ΙΙ
849 2705 966 2750 Qudm
989 2715 1051 2750 eqo
1081 2725 1119 2732 —-
1151 2707 1192 2739 tu
1216 2705 1315 2739 mala
1338 2705 1394 2739 me
1416 2704 1645 2746 munitm-ds,
1675 2702 1838 2738 Bueche-

315 2763 413 2798 lerus
439 2764 527 2799 ibid.
554 2765 581 2798 t.
609 2763 670 2798 CV
695 2776 730 2808 p.
752 2767 820 2799 572
850 2764 946 2809 Quoi
969 2765 1088 2799 adhue
1112 2774 1174 2808 eyo
1199 2775 1296 2798 eram
1320 2763 1510 2805 mo'netrix,
1539 2765 1580 2797 tu
1603 2762 1690 2805 iam,
1714 2761 1839 2797 Maeh-

315 2823 398 2866 lyus
431 2823 453 2857 1.
487 2835 515 2858 s.
540 2835 566 2857 s.
600 2834 635 2867 p.
666 2826 749 2857 120:
791 2823 890 2868 Quid
921 2833 983 2867 eyo
1014 2822 1222 2857 adsimulem
1256 2823 1312 2857 me'
1339 2822 1567 2856 monitura’s.
1618 2820 1689 2856 Sed
1719 2820 1840 2856 fateor
