<?xml version="1.0" encoding="UTF-8"?>
<!DOCTYPE html PUBLIC "-//W3C//DTD XHTML 1.0 Transitional//EN"
    "http://www.w3.org/TR/xhtml1/DTD/xhtml1-transitional.dtd">
<html xmlns="http://www.w3.org/1999/xhtml" xml:lang="en" lang="en">
 <head>
  <title>
</title>
<meta http-equiv="Content-Type" content="text/html;charset=utf-8" />
  <meta name='ocr-system' content='tesseract 3.04.00' />
  <meta name='ocr-capabilities' content='ocr_page ocr_carea ocr_par ocr_line ocrx_word'/>
</head>
<body>
  <div class='ocr_page' id='page_1' title='image "analectaplautina00schuoft_0049.png"; bbox 0 0 1904 3106; ppageno 0'>
   <div class='ocr_carea' id='block_1_1' title="bbox 735 121 1025 163">
    <p class='ocr_par' dir='ltr' id='par_1_1' title="bbox 735 121 1025 163">
     <span class='ocr_line' id='line_1_1' title="bbox 735 121 1025 163; baseline -0.007 -11"><span class='ocrx_word' id='word_1_1' title='bbox 735 121 1025 163; x_wconf 73' lang='lat'>-35-</span> 
     </span>
    </p>
   </div>
   <div class='ocr_carea' id='block_1_2' title="bbox 121 222 1648 1128">
    <p class='ocr_par' dir='ltr' id='par_1_2' title="bbox 121 222 1648 1128">
     <span class='ocr_line' id='line_1_2' title="bbox 122 222 1647 278; baseline -0.009 -5"><span class='ocrx_word' id='word_1_2' title='bbox 122 244 222 272; x_wconf 86' lang='lat' dir='ltr'>vero</span> <span class='ocrx_word' id='word_1_3' title='bbox 259 229 407 272; x_wconf 79' lang='lat' dir='ltr'>eadem</span> <span class='ocrx_word' id='word_1_4' title='bbox 443 228 610 270; x_wconf 85' lang='lat' dir='ltr'>ratione</span> <span class='ocrx_word' id='word_1_5' title='bbox 645 227 752 269; x_wconf 86' lang='lat' dir='ltr'>haec</span> <span class='ocrx_word' id='word_1_6' title='bbox 791 226 951 268; x_wconf 88' lang='lat' dir='ltr'>locutio</span> <span class='ocrx_word' id='word_1_7' title='bbox 991 223 1103 278; x_wconf 84' lang='lat' dir='ltr'>apud</span> <span class='ocrx_word' id='word_1_8' title='bbox 1140 222 1376 264; x_wconf 83' lang='lat' dir='ltr'>Luci&#39;anuui</span> <span class='ocrx_word' id='word_1_9' title='bbox 1414 222 1647 274; x_wconf 84' lang='lat' dir='ltr'>usurpatur</span> 
     </span>
     <span class='ocr_line' id='line_1_3' title="bbox 124 290 1644 354; baseline -0.008 -11"><span class='ocrx_word' id='word_1_10' title='bbox 124 300 279 344; x_wconf 83' lang='lat' dir='ltr'>Toxar.</span> <span class='ocrx_word' id='word_1_11' title='bbox 309 315 343 342; x_wconf 90' lang='lat' dir='ltr'>c.</span> <span class='ocrx_word' id='word_1_12' title='bbox 366 298 420 340; x_wconf 82' lang='lat'>15</span> <span class='ocrx_word' id='word_1_13' title='bbox 434 297 486 354; x_wconf 69' lang='lat'>⁰⁸)</span> <span class='ocrx_word' id='word_1_14' title='bbox 518 297 805 353; x_wconf 83' lang='lat' dir='ltr'><strong>suspicionem</strong></span> <span class='ocrx_word' id='word_1_15' title='bbox 837 296 889 337; x_wconf 90' lang='lat' dir='ltr'>de</span> <span class='ocrx_word' id='word_1_16' title='bbox 919 292 1155 336; x_wconf 83' lang='lat' dir='ltr'>Menandro</span> <span class='ocrx_word' id='word_1_17' title='bbox 1187 305 1387 346; x_wconf 85' lang='lat' dir='ltr'>expresso</span> <span class='ocrx_word' id='word_1_18' title='bbox 1420 290 1526 341; x_wconf 82' lang='lat' dir='ltr'>adeo</span> <span class='ocrx_word' id='word_1_19' title='bbox 1558 303 1644 331; x_wconf 91' lang='lat' dir='ltr'>non</span> 
     </span>
     <span class='ocr_line' id='line_1_4' title="bbox 121 359 1646 426; baseline -0.008 -13"><span class='ocrx_word' id='word_1_20' title='bbox 121 373 335 426; x_wconf 81' lang='lat' dir='ltr'>segregat,</span> <span class='ocrx_word' id='word_1_21' title='bbox 363 371 413 411; x_wconf 91' lang='lat' dir='ltr'>ut</span> <span class='ocrx_word' id='word_1_22' title='bbox 436 368 503 410; x_wconf 86' lang='lat' dir='ltr'>vel</span> <span class='ocrx_word' id='word_1_23' title='bbox 530 368 808 410; x_wconf 83' lang='lat' dir='ltr'>Lucianum</span> <span class='ocrx_word' id='word_1_24' title='bbox 839 365 897 408; x_wconf 89' lang='lat' dir='ltr'>ad</span> <span class='ocrx_word' id='word_1_25' title='bbox 930 363 1229 419; x_wconf 86' lang='lat' dir='ltr'>Sicyonium</span> <span class='ocrx_word' id='word_1_26' title='bbox 1261 364 1499 417; x_wconf 87' lang='lat' dir='ltr'>spectare</span> <span class='ocrx_word' id='word_1_27' title='bbox 1530 359 1646 402; x_wconf 90' lang='lat' dir='ltr'>haud</span> 
     </span>
     <span class='ocr_line' id='line_1_5' title="bbox 121 431 1643 495; baseline -0.008 -11"><span class='ocrx_word' id='word_1_28' title='bbox 121 455 233 483; x_wconf 82' lang='lat' dir='ltr'>vana</span> <span class='ocrx_word' id='word_1_29' title='bbox 262 439 408 495; x_wconf 88' lang='lat' dir='ltr'>opinio</span> <span class='ocrx_word' id='word_1_30' title='bbox 439 440 510 482; x_wconf 87' lang='lat' dir='ltr'>sit.</span> <span class='ocrx_word' id='word_1_31' title='bbox 557 439 672 481; x_wconf 89' lang='lat' dir='ltr'>Nam</span> <span class='ocrx_word' id='word_1_32' title='bbox 702 440 874 493; x_wconf 87' lang='lat' dir='ltr'>praeter</span> <span class='ocrx_word' id='word_1_33' title='bbox 905 436 1038 477; x_wconf 86' lang='lat' dir='ltr'>verba</span> <span class='ocrx_word' id='word_1_34' title='bbox 1069 448 1179 490; x_wconf 86' lang='lat' dir='ltr'>quae</span> <span class='ocrx_word' id='word_1_35' title='bbox 1205 433 1351 489; x_wconf 84' lang='lat' dir='ltr'>attigi:</span> <span class='ocrx_word' id='word_1_36' title='bbox 1381 433 1436 474; x_wconf 89' lang='grc' dir='ltr'>τὰ</span> <span class='ocrx_word' id='word_1_37' title='bbox 1461 432 1536 483; x_wconf 79' lang='grc' dir='ltr'>μὲν</span> <span class='ocrx_word' id='word_1_38' title='bbox 1561 431 1643 483; x_wconf 84' lang='grc' dir='ltr'>γὰρ</span> 
     </span>
     <span class='ocr_line' id='line_1_6' title="bbox 121 501 1648 564; baseline -0.007 -11"><span class='ocrx_word' id='word_1_39' title='bbox 121 513 240 564; x_wconf 85' lang='grc' dir='ltr'>δῶρα</span> <span class='ocrx_word' id='word_1_40' title='bbox 278 511 331 553; x_wconf 84' lang='grc' dir='ltr'>οὐ</span> <span class='ocrx_word' id='word_1_41' title='bbox 369 510 476 552; x_wconf 88' lang='grc' dir='ltr'>κατὰ</span> <span class='ocrx_word' id='word_1_42' title='bbox 515 512 627 562; x_wconf 88' lang='grc' dir='ltr'>μῆλα</span> <span class='ocrx_word' id='word_1_43' title='bbox 666 510 733 551; x_wconf 86' lang='grc' dir='ltr'>καὶ</span> <span class='ocrx_word' id='word_1_44' title='bbox 773 506 1012 560; x_wconf 80' lang='grc' dir='ltr'>ετεφάνουε</span> <span class='ocrx_word' id='word_1_45' title='bbox 1052 505 1305 547; x_wconf 81' lang='grc' dir='ltr'>ἀντεδίδοτο</span> <span class='ocrx_word' id='word_1_46' title='bbox 1346 503 1471 558; x_wconf 83' lang='grc' dir='ltr'>αὐτῇ,</span> <span class='ocrx_word' id='word_1_47' title='bbox 1517 501 1648 544; x_wconf 86' lang='grc' dir='ltr'>ἀλλὰ</span> 
     </span>
     <span class='ocr_line' id='line_1_7' title="bbox 121 574 1646 631; baseline -0.006 -7"><span class='ocrx_word' id='word_1_48' title='bbox 121 581 372 624; x_wconf 84' lang='grc' dir='ltr'>(υνοικίαι</span> <span class='ocrx_word' id='word_1_49' title='bbox 403 580 517 622; x_wconf 87' lang='grc' dir='ltr'>ὅλαι</span> <span class='ocrx_word' id='word_1_50' title='bbox 548 581 629 622; x_wconf 87' lang='grc' dir='ltr'>καὶ</span> <span class='ocrx_word' id='word_1_51' title='bbox 659 579 807 631; x_wconf 85' lang='grc' dir='ltr'>ἀγροὶ</span> <span class='ocrx_word' id='word_1_52' title='bbox 838 579 905 620; x_wconf 83' lang='grc' dir='ltr'>καὶ</span> <span class='ocrx_word' id='word_1_53' title='bbox 937 578 1189 629; x_wconf 85' lang='grc' dir='ltr'>θεράπαιναι</span> <span class='ocrx_word' id='word_1_54' title='bbox 1220 576 1289 617; x_wconf 85' lang='grc' dir='ltr'>καὶ</span> <span class='ocrx_word' id='word_1_55' title='bbox 1321 576 1492 627; x_wconf 80' lang='grc' dir='ltr'>ἐεθῆτεε</span> <span class='ocrx_word' id='word_1_56' title='bbox 1523 574 1646 616; x_wconf 87' lang='grc' dir='ltr'>εὐαν-</span> 
     </span>
     <span class='ocr_line' id='line_1_8' title="bbox 123 645 1647 704; baseline -0.005 -10"><span class='ocrx_word' id='word_1_57' title='bbox 123 655 213 694; x_wconf 79' lang='grc' dir='ltr'>θεῖ(</span> <span class='ocrx_word' id='word_1_58' title='bbox 250 653 318 694; x_wconf 88' lang='grc' dir='ltr'>καὶ</span> <span class='ocrx_word' id='word_1_59' title='bbox 355 652 511 704; x_wconf 82' lang='grc' dir='ltr'>χρυεὸν</span> <span class='ocrx_word' id='word_1_60' title='bbox 549 651 711 693; x_wconf 80' lang='grc' dir='ltr'>ὁπόεον</span> <span class='ocrx_word' id='word_1_61' title='bbox 748 651 971 702; x_wconf 83' lang='grc' dir='ltr'>ἐθελήεειε.</span> <span class='ocrx_word' id='word_1_62' title='bbox 1039 649 1107 690; x_wconf 89' lang='grc' dir='ltr'>καὶ</span> <span class='ocrx_word' id='word_1_63' title='bbox 1138 647 1177 689; x_wconf 91' lang='grc' dir='ltr'>τί</span> <span class='ocrx_word' id='word_1_64' title='bbox 1207 646 1310 698; x_wconf 87' lang='grc' dir='ltr'>γάρ;</span> <span class='ocrx_word' id='word_1_65' title='bbox 1361 647 1410 688; x_wconf 82' lang='grc' dir='ltr'>ἐν</span> <span class='ocrx_word' id='word_1_66' title='bbox 1443 648 1591 698; x_wconf 87' lang='grc' dir='ltr'>βραχεῖ</span> <span class='ocrx_word' id='word_1_67' title='bbox 1622 645 1647 686; x_wconf 88' lang='grc' dir='ltr'>ὁ</span> 
     </span>
     <span class='ocr_line' id='line_1_9' title="bbox 121 717 1646 774; baseline -0.005 -9"><span class='ocrx_word' id='word_1_68' title='bbox 121 723 318 766; x_wconf 82' lang='grc' dir='ltr'>Λύεωνοε</span> <span class='ocrx_word' id='word_1_69' title='bbox 358 721 474 765; x_wconf 81' lang='grc' dir='ltr'>οἴκο(</span> <span class='ocrx_word' id='word_1_70' title='bbox 512 721 853 774; x_wconf 82' lang='grc' dir='ltr'>ὀνομαετότατοε</span> <span class='ocrx_word' id='word_1_71' title='bbox 891 723 981 762; x_wconf 89' lang='grc' dir='ltr'>τῶν</span> <span class='ocrx_word' id='word_1_72' title='bbox 1018 721 1067 762; x_wconf 80' lang='grc' dir='ltr'>ἐν</span> <span class='ocrx_word' id='word_1_73' title='bbox 1099 718 1233 773; x_wconf 88' lang='grc' dir='ltr'>Ἰωνίᾳ</span> <span class='ocrx_word' id='word_1_74' title='bbox 1264 717 1498 769; x_wconf 72' lang='grc' dir='ltr'>γενόμενος</span> <span class='ocrx_word' id='word_1_75' title='bbox 1528 717 1646 769; x_wconf 82' lang='grc' dir='ltr'>ἐξήν-</span> 
     </span>
     <span class='ocr_line' id='line_1_10' title="bbox 121 787 1646 846; baseline -0.005 -11"><span class='ocrx_word' id='word_1_76' title='bbox 121 795 252 846; x_wconf 87' lang='grc' dir='ltr'>τλητο</span> <span class='ocrx_word' id='word_1_77' title='bbox 281 794 362 846; x_wconf 89' lang='grc' dir='ltr'>ἤδη</span> <span class='ocrx_word' id='word_1_78' title='bbox 393 794 461 835; x_wconf 88' lang='grc' dir='ltr'>καὶ</span> <span class='ocrx_word' id='word_1_79' title='bbox 491 793 782 842; x_wconf 83' lang='grc' dir='ltr'>ἐξεκεκένωτο,</span> <span class='ocrx_word' id='word_1_80' title='bbox 814 793 988 845; x_wconf 87' lang='lat' dir='ltr'>praeter</span> <span class='ocrx_word' id='word_1_81' title='bbox 1012 789 1119 831; x_wconf 84' lang='lat' dir='ltr'>haec</span> <span class='ocrx_word' id='word_1_82' title='bbox 1143 789 1279 844; x_wconf 87' lang='lat' dir='ltr'>igitur</span> <span class='ocrx_word' id='word_1_83' title='bbox 1304 787 1434 829; x_wconf 85' lang='lat' dir='ltr'>verba</span> <span class='ocrx_word' id='word_1_84' title='bbox 1459 787 1646 842; x_wconf 88' lang='lat' dir='ltr'>primum</span> 
     </span>
     <span class='ocr_line' id='line_1_11' title="bbox 121 860 1648 920; baseline -0.005 -13"><span class='ocrx_word' id='word_1_85' title='bbox 121 863 294 920; x_wconf 86' lang='lat' dir='ltr'>quidem</span> <span class='ocrx_word' id='word_1_86' title='bbox 337 879 388 906; x_wconf 73' lang='lat' dir='ltr'>ex</span> <span class='ocrx_word' id='word_1_87' title='bbox 432 863 581 906; x_wconf 89' lang='lat' dir='ltr'>eodem</span> <span class='ocrx_word' id='word_1_88' title='bbox 621 862 762 917; x_wconf 87' lang='lat' dir='ltr'>capite</span> <span class='ocrx_word' id='word_1_89' title='bbox 806 861 957 903; x_wconf 85' lang='lat' dir='ltr'>affero:</span> <span class='ocrx_word' id='word_1_90' title='bbox 1007 861 1075 902; x_wconf 90' lang='grc' dir='ltr'>καὶ</span> <span class='ocrx_word' id='word_1_91' title='bbox 1117 860 1211 901; x_wconf 79' lang='grc' dir='ltr'>ἐπεὶ</span> <span class='ocrx_word' id='word_1_92' title='bbox 1254 860 1406 913; x_wconf 83' lang='grc' dir='ltr'>ᾔεθετο</span> <span class='ocrx_word' id='word_1_93' title='bbox 1447 861 1648 910; x_wconf 72' lang='grc' dir='ltr'>πονηρῶς</span> 
     </span>
     <span class='ocr_line' id='line_1_12' title="bbox 122 931 1646 987; baseline -0.004 -10"><span class='ocrx_word' id='word_1_94' title='bbox 122 934 280 986; x_wconf 83' lang='grc' dir='ltr'>ἔχοντα</span> <span class='ocrx_word' id='word_1_95' title='bbox 310 935 378 977; x_wconf 88' lang='grc' dir='ltr'>καὶ</span> <span class='ocrx_word' id='word_1_96' title='bbox 410 934 640 987; x_wconf 84' lang='grc' dir='ltr'>διάβροχον</span> <span class='ocrx_word' id='word_1_97' title='bbox 669 934 750 985; x_wconf 89' lang='grc' dir='ltr'>ἤδη</span> <span class='ocrx_word' id='word_1_98' title='bbox 782 935 843 987; x_wconf 84' lang='grc' dir='ltr'>τῷ</span> <span class='ocrx_word' id='word_1_99' title='bbox 876 932 1001 984; x_wconf 84' lang='grc' dir='ltr'>ἔρωτι</span> <span class='ocrx_word' id='word_1_100' title='bbox 1032 931 1101 973; x_wconf 85' lang='grc' dir='ltr'>καὶ</span> <span class='ocrx_word' id='word_1_101' title='bbox 1131 931 1313 982; x_wconf 88' lang='grc' dir='ltr'>τακερὸν</span> <span class='ocrx_word' id='word_1_102' title='bbox 1344 931 1646 981; x_wconf 85' lang='grc' dir='ltr'>γεγενημένον,</span> 
     </span>
     <span class='ocr_line' id='line_1_13' title="bbox 121 999 1646 1048; baseline -0.003 -2"><span class='ocrx_word' id='word_1_103' title='bbox 121 1004 247 1048; x_wconf 87' lang='grc' dir='ltr'>ἄλλο</span> <span class='ocrx_word' id='word_1_104' title='bbox 289 1005 372 1048; x_wconf 85' lang='grc' dir='ltr'>ἐπὶ</span> <span class='ocrx_word' id='word_1_105' title='bbox 413 1005 624 1046; x_wconf 70' lang='grc' dir='ltr'>τούτοις</span> <span class='ocrx_word' id='word_1_106' title='bbox 666 1003 871 1045; x_wconf 82' lang='grc' dir='ltr'>ἐπενόει</span> <span class='ocrx_word' id='word_1_107' title='bbox 914 1003 995 1044; x_wconf 87' lang='grc' dir='ltr'>καὶ</span> <span class='ocrx_word' id='word_1_108' title='bbox 1038 1002 1127 1044; x_wconf 89' lang='grc' dir='ltr'>τὸν</span> <span class='ocrx_word' id='word_1_109' title='bbox 1169 999 1348 1043; x_wconf 87' lang='grc' dir='ltr'>ἄθλιον</span> <span class='ocrx_word' id='word_1_110' title='bbox 1389 999 1646 1043; x_wconf 86' lang='grc' dir='ltr'>ἀπώλλυε·</span> 
     </span>
     <span class='ocr_line' id='line_1_14' title="bbox 122 1070 1647 1128; baseline -0.003 -10"><span class='ocrx_word' id='word_1_111' title='bbox 122 1076 260 1118; x_wconf 86' lang='grc' dir='ltr'>κύειν</span> <span class='ocrx_word' id='word_1_112' title='bbox 290 1089 342 1117; x_wconf 88' lang='grc' dir='ltr'>τε</span> <span class='ocrx_word' id='word_1_113' title='bbox 379 1074 472 1127; x_wconf 90' lang='grc' dir='ltr'>γὰρ</span> <span class='ocrx_word' id='word_1_114' title='bbox 510 1075 560 1117; x_wconf 80' lang='grc' dir='ltr'>ἐξ</span> <span class='ocrx_word' id='word_1_115' title='bbox 598 1073 754 1116; x_wconf 86' lang='grc' dir='ltr'>αὐτοῦ</span> <span class='ocrx_word' id='word_1_116' title='bbox 793 1070 1146 1128; x_wconf 53' lang='grc' dir='ltr'>εκήπτεταιω)ο</span> <span class='ocrx_word' id='word_1_117' title='bbox 1177 1072 1326 1114; x_wconf 86' lang='grc' dir='ltr'>ἱκανὸν</span> <span class='ocrx_word' id='word_1_118' title='bbox 1351 1072 1399 1113; x_wconf 81' lang='grc' dir='ltr'>δὲ</span> <span class='ocrx_word' id='word_1_119' title='bbox 1426 1072 1493 1113; x_wconf 91' lang='grc' dir='ltr'>καὶ</span> <span class='ocrx_word' id='word_1_120' title='bbox 1517 1074 1647 1113; x_wconf 86' lang='grc' dir='ltr'>τοῦτο</span> 
     </span>
    </p>
   </div>
   <div class='ocr_carea' id='block_1_3' title="bbox 122 1234 1649 2691">
    <p class='ocr_par' dir='ltr' id='par_1_3' title="bbox 123 1234 1648 1516">
     <span class='ocr_line' id='line_1_15' title="bbox 218 1234 1647 1282; baseline -0.003 -9"><span class='ocrx_word' id='word_1_121' title='bbox 218 1241 278 1282; x_wconf 77' lang='grc'>68)</span> <span class='ocrx_word' id='word_1_122' title='bbox 308 1237 507 1273; x_wconf 82' lang='lat' dir='ltr'>Praeterea</span> <span class='ocrx_word' id='word_1_123' title='bbox 537 1237 693 1272; x_wconf 81' lang='lat' dir='ltr'>eandem</span> <span class='ocrx_word' id='word_1_124' title='bbox 725 1237 824 1282; x_wconf 86' lang='lat' dir='ltr'>apud</span> <span class='ocrx_word' id='word_1_125' title='bbox 857 1236 1014 1271; x_wconf 87' lang='lat' dir='ltr'>eundem</span> <span class='ocrx_word' id='word_1_126' title='bbox 1049 1235 1346 1272; x_wconf 87' lang='lat' dir='ltr'>coniunctionem</span> <span class='ocrx_word' id='word_1_127' title='bbox 1382 1235 1496 1271; x_wconf 86' lang='lat' dir='ltr'>habes</span> <span class='ocrx_word' id='word_1_128' title='bbox 1530 1234 1647 1279; x_wconf 80' lang='lat' dir='ltr'><strong>Epist.</strong></span> 
     </span>
     <span class='ocr_line' id='line_1_16' title="bbox 125 1294 1647 1341; baseline -0.003 -9"><span class='ocrx_word' id='word_1_129' title='bbox 125 1296 273 1333; x_wconf 81' lang='lat' dir='ltr'>Saturn.</span> <span class='ocrx_word' id='word_1_130' title='bbox 297 1296 377 1341; x_wconf 80' lang='lat' dir='ltr'>XX,</span> <span class='ocrx_word' id='word_1_131' title='bbox 404 1295 468 1331; x_wconf 88' lang='lat' dir='ltr'>sed</span> <span class='ocrx_word' id='word_1_132' title='bbox 493 1295 655 1341; x_wconf 83' lang='lat' dir='ltr'>proprie,</span> <span class='ocrx_word' id='word_1_133' title='bbox 681 1307 754 1330; x_wconf 89' lang='lat' dir='ltr'>non</span> <span class='ocrx_word' id='word_1_134' title='bbox 780 1295 826 1330; x_wconf 93' lang='lat' dir='ltr'>de</span> <span class='ocrx_word' id='word_1_135' title='bbox 850 1295 966 1341; x_wconf 87' lang='lat' dir='ltr'>largis</span> <span class='ocrx_word' id='word_1_136' title='bbox 990 1295 1196 1330; x_wconf 83' lang='lat' dir='ltr'>amantium</span> <span class='ocrx_word' id='word_1_137' title='bbox 1222 1294 1329 1330; x_wconf 87' lang='lat' dir='ltr'>donis</span> <span class='ocrx_word' id='word_1_138' title='bbox 1354 1296 1590 1340; x_wconf 75' lang='lat' dir='ltr'><strong>usurpatam:</strong></span> <span class='ocrx_word' id='word_1_139' title='bbox 1617 1295 1647 1329; x_wconf 90' lang='grc' dir='ltr'>εἰ</span> 
     </span>
     <span class='ocr_line' id='line_1_17' title="bbox 123 1353 1648 1400; baseline -0.003 -9"><span class='ocrx_word' id='word_1_140' title='bbox 123 1357 172 1400; x_wconf 86' lang='grc' dir='ltr'>μὴ</span> <span class='ocrx_word' id='word_1_141' title='bbox 201 1357 291 1391; x_wconf 71' lang='grc' dir='ltr'>τοὺς</span> <span class='ocrx_word' id='word_1_142' title='bbox 320 1355 515 1390; x_wconf 59' lang='lat' dir='ltr'>aloncion(</span> <span class='ocrx_word' id='word_1_143' title='bbox 548 1355 723 1398; x_wconf 83' lang='grc' dir='ltr'>ἑωρῶμεν</span> <span class='ocrx_word' id='word_1_144' title='bbox 754 1354 915 1399; x_wconf 78' lang='grc' dir='ltr'>τοεαὺτῃ</span> <span class='ocrx_word' id='word_1_145' title='bbox 942 1354 1156 1399; x_wconf 79' lang='grc' dir='ltr'>εὐδαιμονίᾳ</span> <span class='ocrx_word' id='word_1_146' title='bbox 1181 1354 1374 1397; x_wconf 79' lang='grc' dir='ltr'>ευνόνταε,</span> <span class='ocrx_word' id='word_1_147' title='bbox 1409 1353 1444 1388; x_wconf 87' lang='grc' dir='ltr'>οἳ</span> <span class='ocrx_word' id='word_1_148' title='bbox 1468 1357 1648 1388; x_wconf 80' lang='grc' dir='ltr'>τοεοῡτον</span> 
     </span>
     <span class='ocr_line' id='line_1_18' title="bbox 123 1412 1646 1459; baseline -0.003 -9"><span class='ocrx_word' id='word_1_149' title='bbox 123 1415 189 1456; x_wconf 84' lang='grc' dir='ltr'>μὲν</span> <span class='ocrx_word' id='word_1_150' title='bbox 213 1415 358 1459; x_wconf 80' lang='grc' dir='ltr'>χρυεὸν,</span> <span class='ocrx_word' id='word_1_151' title='bbox 381 1417 563 1449; x_wconf 81' lang='grc' dir='ltr'>τοεοῡτον</span> <span class='ocrx_word' id='word_1_152' title='bbox 588 1415 628 1448; x_wconf 84' lang='grc' dir='ltr'>δὲ</span> <span class='ocrx_word' id='word_1_153' title='bbox 653 1414 818 1457; x_wconf 81' lang='grc' dir='ltr'>ἄργυρον</span> <span class='ocrx_word' id='word_1_154' title='bbox 843 1413 1122 1456; x_wconf 79' lang='grc' dir='ltr'>ἑγκλειεάμενοι,</span> <span class='ocrx_word' id='word_1_155' title='bbox 1147 1413 1300 1455; x_wconf 59' lang='lat' dir='ltr'>&amp;eilrat</span> <span class='ocrx_word' id='word_1_156' title='bbox 1324 1412 1364 1446; x_wconf 89' lang='grc' dir='ltr'>δὲ</span> <span class='ocrx_word' id='word_1_157' title='bbox 1384 1413 1469 1447; x_wconf 74' lang='lat' dir='ltr'>&amp;uc</span> <span class='ocrx_word' id='word_1_158' title='bbox 1487 1413 1646 1456; x_wconf 71' lang='grc' dir='ltr'>ἔχοντες,</span> 
     </span>
     <span class='ocr_line' id='line_1_19' title="bbox 123 1471 1277 1516; baseline -0.002 -9"><span class='ocrx_word' id='word_1_159' title='bbox 123 1472 339 1516; x_wconf 81' lang='grc' dir='ltr'>ἀνδράποδα</span> <span class='ocrx_word' id='word_1_160' title='bbox 363 1473 404 1507; x_wconf 80' lang='grc' dir='ltr'>δὲ</span> <span class='ocrx_word' id='word_1_161' title='bbox 427 1474 487 1506; x_wconf 83' lang='grc' dir='ltr'>καὶ</span> <span class='ocrx_word' id='word_1_162' title='bbox 512 1472 623 1515; x_wconf 84' lang='grc' dir='ltr'>ζεύγη</span> <span class='ocrx_word' id='word_1_163' title='bbox 649 1473 721 1506; x_wconf 89' lang='grc' dir='ltr'>καὶ</span> <span class='ocrx_word' id='word_1_164' title='bbox 747 1471 978 1506; x_wconf 82' lang='grc' dir='ltr'>ευνοικία(</span> <span class='ocrx_word' id='word_1_165' title='bbox 1002 1473 1073 1506; x_wconf 83' lang='grc' dir='ltr'>καὶ</span> <span class='ocrx_word' id='word_1_166' title='bbox 1099 1471 1277 1515; x_wconf 73' lang='grc' dir='ltr'>ἀγρούς.</span> 
     </span>
    </p>

    <p class='ocr_par' dir='ltr' id='par_1_4' title="bbox 122 1529 1649 2691">
     <span class='ocr_line' id='line_1_20' title="bbox 218 1529 1646 1575; baseline -0.001 -9"><span class='ocrx_word' id='word_1_167' title='bbox 218 1533 278 1575; x_wconf 82' lang='grc'>69)</span> <span class='ocrx_word' id='word_1_168' title='bbox 303 1531 345 1565; x_wconf 92' lang='lat' dir='ltr'>In</span> <span class='ocrx_word' id='word_1_169' title='bbox 371 1529 516 1565; x_wconf 84' lang='lat' dir='ltr'>cantico</span> <span class='ocrx_word' id='word_1_170' title='bbox 542 1542 615 1574; x_wconf 91' lang='lat' dir='ltr'>quo</span> <span class='ocrx_word' id='word_1_171' title='bbox 640 1530 881 1565; x_wconf 81' lang='lat' dir='ltr'>Phronesium</span> <span class='ocrx_word' id='word_1_172' title='bbox 906 1531 978 1565; x_wconf 87' lang='lat' dir='ltr'>hoc</span> <span class='ocrx_word' id='word_1_173' title='bbox 1004 1529 1199 1564; x_wconf 87' lang='lat' dir='ltr'>consilium</span> <span class='ocrx_word' id='word_1_174' title='bbox 1225 1529 1403 1574; x_wconf 79' lang='lat' dir='ltr'>explanat</span> <span class='ocrx_word' id='word_1_175' title='bbox 1426 1540 1501 1564; x_wconf 91' lang='lat' dir='ltr'>non</span> <span class='ocrx_word' id='word_1_176' title='bbox 1525 1540 1646 1574; x_wconf 82' lang='lat' dir='ltr'>pauca</span> 
     </span>
     <span class='ocr_line' id='line_1_21' title="bbox 122 1588 1648 1635; baseline -0.001 -10"><span class='ocrx_word' id='word_1_177' title='bbox 122 1590 267 1635; x_wconf 86' lang='lat' dir='ltr'>insunt,</span> <span class='ocrx_word' id='word_1_178' title='bbox 303 1600 399 1634; x_wconf 86' lang='lat' dir='ltr'>quae</span> <span class='ocrx_word' id='word_1_179' title='bbox 422 1589 493 1623; x_wconf 87' lang='lat' dir='ltr'>hoc</span> <span class='ocrx_word' id='word_1_180' title='bbox 517 1589 599 1624; x_wconf 88' lang='lat' dir='ltr'>loco</span> <span class='ocrx_word' id='word_1_181' title='bbox 625 1590 833 1624; x_wconf 80' lang='lat' dir='ltr'>accuratius</span> <span class='ocrx_word' id='word_1_182' title='bbox 859 1589 1011 1634; x_wconf 79' lang='lat' dir='ltr'>exsequi</span> <span class='ocrx_word' id='word_1_183' title='bbox 1036 1599 1109 1623; x_wconf 92' lang='lat' dir='ltr'>non</span> <span class='ocrx_word' id='word_1_184' title='bbox 1135 1599 1302 1633; x_wconf 90' lang='lat' dir='ltr'>possum:</span> <span class='ocrx_word' id='word_1_185' title='bbox 1339 1589 1431 1623; x_wconf 86' lang='lat' dir='ltr'>duas</span> <span class='ocrx_word' id='word_1_186' title='bbox 1462 1588 1562 1623; x_wconf 90' lang='lat' dir='ltr'>enim</span> <span class='ocrx_word' id='word_1_187' title='bbox 1594 1600 1648 1623; x_wconf 88' lang='lat' dir='ltr'>re-</span> 
     </span>
     <span class='ocr_line' id='line_1_22' title="bbox 125 1647 1647 1693; baseline -0.002 -8"><span class='ocrx_word' id='word_1_188' title='bbox 125 1649 316 1685; x_wconf 82' lang='lat' dir='ltr'>censiones</span> <span class='ocrx_word' id='word_1_189' title='bbox 340 1647 557 1683; x_wconf 83' lang='lat' dir='ltr'>coniunctas</span> <span class='ocrx_word' id='word_1_190' title='bbox 582 1648 747 1683; x_wconf 86' lang='lat' dir='ltr'>exhiberi</span> <span class='ocrx_word' id='word_1_191' title='bbox 770 1649 862 1693; x_wconf 90' lang='lat' dir='ltr'>puto</span> <span class='ocrx_word' id='word_1_192' title='bbox 886 1659 921 1682; x_wconf 86' lang='lat' dir='ltr'>v.</span> <span class='ocrx_word' id='word_1_193' title='bbox 950 1651 1063 1682; x_wconf 78' lang='lat'>1—-11</span> <span class='ocrx_word' id='word_1_194' title='bbox 1091 1648 1130 1682; x_wconf 89' lang='lat' dir='ltr'>et</span> <span class='ocrx_word' id='word_1_195' title='bbox 1157 1651 1306 1692; x_wconf 77' lang='grc'>12-22,</span> <span class='ocrx_word' id='word_1_196' title='bbox 1335 1659 1420 1683; x_wconf 87' lang='lat' dir='ltr'>cum</span> <span class='ocrx_word' id='word_1_197' title='bbox 1445 1659 1480 1682; x_wconf 82' lang='lat' dir='ltr'>v.</span> <span class='ocrx_word' id='word_1_198' title='bbox 1506 1651 1647 1682; x_wconf 30' lang='lat' dir='ltr'>23z‘28</span> 
     </span>
     <span class='ocr_line' id='line_1_23' title="bbox 124 1706 1647 1752; baseline -0.001 -10"><span class='ocrx_word' id='word_1_199' title='bbox 124 1707 272 1751; x_wconf 85' lang='lat' dir='ltr'>utrique</span> <span class='ocrx_word' id='word_1_200' title='bbox 295 1706 395 1752; x_wconf 87' lang='lat' dir='ltr'>parti</span> <span class='ocrx_word' id='word_1_201' title='bbox 420 1706 641 1741; x_wconf 83' lang='lat' dir='ltr'>adnectendi</span> <span class='ocrx_word' id='word_1_202' title='bbox 665 1706 763 1749; x_wconf 67' lang='lat' dir='ltr'>sint·,</span> <span class='ocrx_word' id='word_1_203' title='bbox 782 1706 847 1742; x_wconf 89' lang='lat' dir='ltr'>sed</span> <span class='ocrx_word' id='word_1_204' title='bbox 871 1707 932 1741; x_wconf 88' lang='lat' dir='ltr'>vel</span> <span class='ocrx_word' id='word_1_205' title='bbox 957 1707 1008 1741; x_wconf 88' lang='lat' dir='ltr'>sic</span> <span class='ocrx_word' id='word_1_206' title='bbox 1034 1708 1185 1749; x_wconf 87' lang='lat' dir='ltr'>restant,</span> <span class='ocrx_word' id='word_1_207' title='bbox 1211 1707 1345 1750; x_wconf 90' lang='lat' dir='ltr'>quibus</span> <span class='ocrx_word' id='word_1_208' title='bbox 1371 1707 1489 1742; x_wconf 85' lang='lat' dir='ltr'>oratio</span> <span class='ocrx_word' id='word_1_209' title='bbox 1514 1707 1647 1752; x_wconf 82' lang='lat' dir='ltr'>ampli-</span> 
     </span>
     <span class='ocr_line' id='line_1_24' title="bbox 123 1765 1647 1811; baseline 0 -11"><span class='ocrx_word' id='word_1_210' title='bbox 123 1766 236 1801; x_wconf 81' lang='lat' dir='ltr'>ficata.</span> <span class='ocrx_word' id='word_1_211' title='bbox 259 1776 337 1801; x_wconf 80' lang='lat' dir='ltr'>esse</span> <span class='ocrx_word' id='word_1_212' title='bbox 362 1765 544 1809; x_wconf 85' lang='lat' dir='ltr'>videatur,</span> <span class='ocrx_word' id='word_1_213' title='bbox 570 1765 673 1800; x_wconf 86' lang='lat' dir='ltr'>velut</span> <span class='ocrx_word' id='word_1_214' title='bbox 696 1777 731 1800; x_wconf 86' lang='lat' dir='ltr'>v.</span> <span class='ocrx_word' id='word_1_215' title='bbox 759 1770 802 1800; x_wconf 89' lang='grc'>15</span> <span class='ocrx_word' id='word_1_216' title='bbox 828 1765 888 1809; x_wconf 85' lang='lat' dir='ltr'>(cf.</span> <span class='ocrx_word' id='word_1_217' title='bbox 915 1765 1162 1811; x_wconf 88' lang='lat' dir='ltr'>Kiesslingius</span> <span class='ocrx_word' id='word_1_218' title='bbox 1189 1765 1213 1800; x_wconf 89' lang='lat' dir='ltr'>l.</span> <span class='ocrx_word' id='word_1_219' title='bbox 1242 1778 1268 1800; x_wconf 93' lang='lat' dir='ltr'>s.</span> <span class='ocrx_word' id='word_1_220' title='bbox 1296 1778 1324 1800; x_wconf 92' lang='lat' dir='ltr'>s.</span> <span class='ocrx_word' id='word_1_221' title='bbox 1349 1778 1385 1811; x_wconf 92' lang='lat' dir='ltr'>p.</span> <span class='ocrx_word' id='word_1_222' title='bbox 1413 1770 1491 1810; x_wconf 77' lang='lat'>632,</span> <span class='ocrx_word' id='word_1_223' title='bbox 1518 1766 1647 1800; x_wconf 84' lang='lat' dir='ltr'>Fleck-</span> 
     </span>
     <span class='ocr_line' id='line_1_25' title="bbox 124 1823 1647 1870; baseline -0.001 -10"><span class='ocrx_word' id='word_1_224' title='bbox 124 1824 270 1860; x_wconf 80' lang='lat' dir='ltr'>eisenus</span> <span class='ocrx_word' id='word_1_225' title='bbox 293 1825 388 1859; x_wconf 84' lang='lat' dir='ltr'>Anu.</span> <span class='ocrx_word' id='word_1_226' title='bbox 413 1825 505 1870; x_wconf 88' lang='lat' dir='ltr'>phiL</span> <span class='ocrx_word' id='word_1_227' title='bbox 529 1826 557 1859; x_wconf 89' lang='lat' dir='ltr'>t.</span> <span class='ocrx_word' id='word_1_228' title='bbox 571 1823 635 1859; x_wconf 88' lang='lat' dir='ltr'>CV</span> <span class='ocrx_word' id='word_1_229' title='bbox 659 1836 696 1869; x_wconf 89' lang='lat' dir='ltr'>p.</span> <span class='ocrx_word' id='word_1_230' title='bbox 710 1826 794 1868; x_wconf 79' lang='lat'>367)</span> <span class='ocrx_word' id='word_1_231' title='bbox 818 1824 983 1868; x_wconf 83' lang='lat' dir='ltr'>itemque</span> <span class='ocrx_word' id='word_1_232' title='bbox 1007 1837 1042 1860; x_wconf 90' lang='lat' dir='ltr'>v.</span> <span class='ocrx_word' id='word_1_233' title='bbox 1061 1829 1115 1860; x_wconf 81' lang='lat'>17.</span> <span class='ocrx_word' id='word_1_234' title='bbox 1157 1825 1314 1860; x_wconf 81' lang='lat' dir='ltr'>Versum</span> <span class='ocrx_word' id='word_1_235' title='bbox 1339 1826 1465 1859; x_wconf 88' lang='lat' dir='ltr'>autem</span> <span class='ocrx_word' id='word_1_236' title='bbox 1492 1829 1536 1859; x_wconf 77' lang='lat'>22</span> <span class='ocrx_word' id='word_1_237' title='bbox 1563 1835 1647 1858; x_wconf 90' lang='lat' dir='ltr'>cum</span> 
     </span>
     <span class='ocr_line' id='line_1_26' title="bbox 124 1875 1649 1928; baseline 0 -10"><span class='ocrx_word' id='word_1_238' title='bbox 124 1882 382 1918; x_wconf 78' lang='lat' dir='ltr'>Fleckeisenus</span> <span class='ocrx_word' id='word_1_239' title='bbox 398 1883 423 1918; x_wconf 93' lang='lat' dir='ltr'>l.</span> <span class='ocrx_word' id='word_1_240' title='bbox 437 1895 464 1918; x_wconf 91' lang='lat' dir='ltr'>s.</span> <span class='ocrx_word' id='word_1_241' title='bbox 479 1883 733 1928; x_wconf 76' lang='lat' dir='ltr'>proscriberet,</span> <span class='ocrx_word' id='word_1_242' title='bbox 758 1883 858 1917; x_wconf 82' lang='lat' dir='ltr'>haud</span> <span class='ocrx_word' id='word_1_243' title='bbox 882 1882 1018 1918; x_wconf 87' lang='lat' dir='ltr'>iniuria.</span> <span class='ocrx_word' id='word_1_244' title='bbox 1042 1883 1205 1919; x_wconf 86' lang='lat' dir='ltr'>Kochius</span> <span class='ocrx_word' id='word_1_245' title='bbox 1230 1875 1319 1918; x_wconf 79' lang='lat' dir='ltr'>ibid.</span> <span class='ocrx_word' id='word_1_246' title='bbox 1340 1883 1516 1928; x_wconf 88' lang='lat' dir='ltr'>opposuit</span> <span class='ocrx_word' id='word_1_247' title='bbox 1534 1884 1649 1918; x_wconf 84' lang='lat' dir='ltr'>verba</span> 
     </span>
     <span class='ocr_line' id='line_1_27' title="bbox 123 1941 1647 1986; baseline -0.001 -9"><span class='ocrx_word' id='word_1_248' title='bbox 123 1942 232 1986; x_wconf 73' lang='lat' dir='ltr'>quasi</span> <span class='ocrx_word' id='word_1_249' title='bbox 251 1943 446 1986; x_wconf 80' lang='lat' dir='ltr'>puerperio</span> <span class='ocrx_word' id='word_1_250' title='bbox 470 1943 592 1977; x_wconf 79' lang='lat' dir='ltr'>cubem</span> <span class='ocrx_word' id='word_1_251' title='bbox 616 1941 942 1986; x_wconf 71' lang='lat' dir='ltr'>interpolationem</span> <span class='ocrx_word' id='word_1_252' title='bbox 967 1941 1028 1978; x_wconf 83' lang='lat' dir='ltr'>vix</span> <span class='ocrx_word' id='word_1_253' title='bbox 1054 1943 1231 1979; x_wconf 86' lang='lat' dir='ltr'>redolere.</span> <span class='ocrx_word' id='word_1_254' title='bbox 1276 1942 1348 1977; x_wconf 87' lang='lat' dir='ltr'>Sed</span> <span class='ocrx_word' id='word_1_255' title='bbox 1367 1942 1467 1986; x_wconf 88' lang='lat' dir='ltr'>quod</span> <span class='ocrx_word' id='word_1_256' title='bbox 1491 1943 1647 1986; x_wconf 62' lang='lat' dir='ltr'>gravida</span> 
     </span>
     <span class='ocr_line' id='line_1_28' title="bbox 126 1999 1648 2046; baseline 0.001 -12"><span class='ocrx_word' id='word_1_257' title='bbox 126 1999 214 2035; x_wconf 81' lang='lat' dir='ltr'>ferri</span> <span class='ocrx_word' id='word_1_258' title='bbox 238 2011 311 2035; x_wconf 91' lang='lat' dir='ltr'>uon</span> <span class='ocrx_word' id='word_1_259' title='bbox 335 2011 442 2046; x_wconf 85' lang='lat' dir='ltr'>posse</span> <span class='ocrx_word' id='word_1_260' title='bbox 466 2001 507 2035; x_wconf 89' lang='lat' dir='ltr'>iu</span> <span class='ocrx_word' id='word_1_261' title='bbox 524 2011 709 2045; x_wconf 82' lang='lat' dir='ltr'>puerpera</span> <span class='ocrx_word' id='word_1_262' title='bbox 726 2000 985 2035; x_wconf 82' lang='lat' dir='ltr'>Fleckeisenus</span> <span class='ocrx_word' id='word_1_263' title='bbox 1011 2013 1095 2036; x_wconf 88' lang='lat' dir='ltr'>cum</span> <span class='ocrx_word' id='word_1_264' title='bbox 1114 2001 1292 2036; x_wconf 84' lang='lat' dir='ltr'>Muelle&#39;ro</span> <span class='ocrx_word' id='word_1_265' title='bbox 1319 2001 1511 2036; x_wconf 79' lang='lat' dir='ltr'>contendit</span> <span class='ocrx_word' id='word_1_266' title='bbox 1535 2001 1648 2035; x_wconf 86' lang='lat' dir='ltr'>nullis</span> 
     </span>
     <span class='ocr_line' id='line_1_29' title="bbox 125 2057 1646 2108; baseline 0.001 -14"><span class='ocrx_word' id='word_1_267' title='bbox 125 2059 292 2095; x_wconf 84' lang='lat' dir='ltr'>artificiis</span> <span class='ocrx_word' id='word_1_268' title='bbox 327 2059 573 2104; x_wconf 76' lang='lat' dir='ltr'>redarguitur.</span> <span class='ocrx_word' id='word_1_269' title='bbox 643 2057 763 2108; x_wconf 74' lang='lat' dir='ltr'>Quare</span> <span class='ocrx_word' id='word_1_270' title='bbox 806 2070 891 2094; x_wconf 88' lang='lat' dir='ltr'>cum</span> <span class='ocrx_word' id='word_1_271' title='bbox 926 2070 993 2094; x_wconf 88' lang='lat' dir='ltr'>nec</span> <span class='ocrx_word' id='word_1_272' title='bbox 1033 2059 1223 2104; x_wconf 88' lang='lat' dir='ltr'>Spengelii</span> <span class='ocrx_word' id='word_1_273' title='bbox 1259 2070 1327 2094; x_wconf 89' lang='lat' dir='ltr'>nec</span> <span class='ocrx_word' id='word_1_274' title='bbox 1365 2059 1536 2105; x_wconf 80' lang='lat' dir='ltr'>Seyfferti</span> <span class='ocrx_word' id='word_1_275' title='bbox 1579 2071 1646 2097; x_wconf 73' lang='lat' dir='ltr'>nce</span> 
     </span>
     <span class='ocr_line' id='line_1_30' title="bbox 126 2117 1646 2166; baseline -0.001 -13"><span class='ocrx_word' id='word_1_276' title='bbox 126 2117 517 2166; x_wconf 47' lang='lat' dir='ltr'>Kochii-coniecturae</span> <span class='ocrx_word' id='word_1_277' title='bbox 543 2117 746 2162; x_wconf 81' lang='lat' dir='ltr'>sufficiant,</span> <span class='ocrx_word' id='word_1_278' title='bbox 771 2129 839 2153; x_wconf 94' lang='lat' dir='ltr'>nec</span> <span class='ocrx_word' id='word_1_279' title='bbox 862 2118 1107 2153; x_wconf 83' lang='lat' dir='ltr'>Muelleriana</span> <span class='ocrx_word' id='word_1_280' title='bbox 1131 2117 1169 2162; x_wconf 89' lang='lat'>(1.</span> <span class='ocrx_word' id='word_1_281' title='bbox 1196 2130 1222 2152; x_wconf 89' lang='lat' dir='ltr'>s.</span> <span class='ocrx_word' id='word_1_282' title='bbox 1250 2130 1277 2152; x_wconf 90' lang='lat' dir='ltr'>s.</span> <span class='ocrx_word' id='word_1_283' title='bbox 1303 2130 1339 2163; x_wconf 89' lang='lat' dir='ltr'>p.</span> <span class='ocrx_word' id='word_1_284' title='bbox 1365 2122 1448 2163; x_wconf 68' lang='grc'>396)</span> <span class='ocrx_word' id='word_1_285' title='bbox 1473 2118 1646 2162; x_wconf 77' lang='lat' dir='ltr'>cuiquam</span> 
     </span>
     <span class='ocr_line' id='line_1_31' title="bbox 126 2174 1649 2222; baseline 0 -11"><span class='ocrx_word' id='word_1_286' title='bbox 126 2174 326 2222; x_wconf 76' lang='lat' dir='ltr'>placuerit,</span> <span class='ocrx_word' id='word_1_287' title='bbox 357 2187 402 2211; x_wconf 86' lang='lat' dir='ltr'>ex</span> <span class='ocrx_word' id='word_1_288' title='bbox 426 2176 604 2211; x_wconf 87' lang='lat' dir='ltr'>librorum</span> <span class='ocrx_word' id='word_1_289' title='bbox 636 2176 836 2221; x_wconf 88' lang='lat' dir='ltr'>scriptura:</span> <span class='ocrx_word' id='word_1_290' title='bbox 881 2187 1028 2220; x_wconf 76' lang='lat' dir='ltr'>eumque</span> <span class='ocrx_word' id='word_1_291' title='bbox 1064 2179 1234 2210; x_wconf 79' lang='lat' dir='ltr'>ornatum</span> <span class='ocrx_word' id='word_1_292' title='bbox 1271 2180 1313 2210; x_wconf 80' lang='lat' dir='ltr'>ut</span> <span class='ocrx_word' id='word_1_293' title='bbox 1348 2178 1505 2221; x_wconf 76' lang='lat' dir='ltr'>yravida</span> <span class='ocrx_word' id='word_1_294' title='bbox 1540 2178 1649 2222; x_wconf 75' lang='lat' dir='ltr'>quasi</span> 
     </span>
     <span class='ocr_line' id='line_1_32' title="bbox 123 2235 1647 2281; baseline -0.001 -10"><span class='ocrx_word' id='word_1_295' title='bbox 123 2246 252 2281; x_wconf 64' lang='lat' dir='ltr'>puer-p.</span> <span class='ocrx_word' id='word_1_296' title='bbox 277 2247 306 2271; x_wconf 83' lang='lat' dir='ltr'>c.</span> <span class='ocrx_word' id='word_1_297' title='bbox 332 2235 576 2271; x_wconf 84' lang='lat' dir='ltr'>Buechelerus</span> <span class='ocrx_word' id='word_1_298' title='bbox 600 2236 624 2270; x_wconf 92' lang='lat'>1.</span> <span class='ocrx_word' id='word_1_299' title='bbox 646 2247 674 2270; x_wconf 82' lang='lat' dir='ltr'>s,</span> <span class='ocrx_word' id='word_1_300' title='bbox 695 2247 723 2270; x_wconf 77' lang='lat' dir='ltr'>s,</span> <span class='ocrx_word' id='word_1_301' title='bbox 748 2247 784 2280; x_wconf 90' lang='lat' dir='ltr'>p.</span> <span class='ocrx_word' id='word_1_302' title='bbox 800 2239 886 2270; x_wconf 77' lang='lat'>571:</span> <span class='ocrx_word' id='word_1_303' title='bbox 910 2246 1058 2280; x_wconf 76' lang='lat' dir='ltr'>sumque</span> <span class='ocrx_word' id='word_1_304' title='bbox 1081 2238 1214 2270; x_wconf 74' lang='lat' dir='ltr'>ornata</span> <span class='ocrx_word' id='word_1_305' title='bbox 1239 2236 1293 2270; x_wconf 82' lang='lat' dir='ltr'>ita</span> <span class='ocrx_word' id='word_1_306' title='bbox 1319 2238 1360 2269; x_wconf 78' lang='lat' dir='ltr'>ut</span> <span class='ocrx_word' id='word_1_307' title='bbox 1385 2246 1496 2280; x_wconf 76' lang='lat' dir='ltr'>coeyra</span> <span class='ocrx_word' id='word_1_308' title='bbox 1520 2236 1647 2270; x_wconf 72' lang='lat' dir='ltr'>videar</span> 
     </span>
     <span class='ocr_line' id='line_1_33' title="bbox 128 2293 1645 2339; baseline 0 -10"><span class='ocrx_word' id='word_1_309' title='bbox 128 2305 160 2339; x_wconf 73' lang='lat' dir='ltr'>q.</span> <span class='ocrx_word' id='word_1_310' title='bbox 179 2305 221 2339; x_wconf 85' lang='lat' dir='ltr'>p.</span> <span class='ocrx_word' id='word_1_311' title='bbox 247 2305 276 2329; x_wconf 88' lang='lat' dir='ltr'>e.</span> <span class='ocrx_word' id='word_1_312' title='bbox 301 2294 425 2330; x_wconf 87' lang='lat' dir='ltr'>effecit</span> <span class='ocrx_word' id='word_1_313' title='bbox 448 2295 670 2330; x_wconf 81' lang='lat' dir='ltr'>acutissime.</span> <span class='ocrx_word' id='word_1_314' title='bbox 720 2293 847 2328; x_wconf 81' lang='lat' dir='ltr'>Nihilo</span> <span class='ocrx_word' id='word_1_315' title='bbox 879 2293 999 2328; x_wconf 88' lang='lat' dir='ltr'>minus</span> <span class='ocrx_word' id='word_1_316' title='bbox 1030 2293 1143 2328; x_wconf 86' lang='lat' dir='ltr'>aliam</span> <span class='ocrx_word' id='word_1_317' title='bbox 1168 2294 1350 2328; x_wconf 86' lang='lat' dir='ltr'>rationem</span> <span class='ocrx_word' id='word_1_318' title='bbox 1375 2294 1645 2329; x_wconf 85' lang='lat' dir='ltr'>admittendam</span> 
     </span>
     <span class='ocr_line' id='line_1_34' title="bbox 127 2352 1649 2398; baseline 0.001 -11"><span class='ocrx_word' id='word_1_319' title='bbox 127 2363 207 2388; x_wconf 83' lang='lat' dir='ltr'>csse</span> <span class='ocrx_word' id='word_1_320' title='bbox 231 2354 322 2397; x_wconf 87' lang='lat' dir='ltr'>puto</span> <span class='ocrx_word' id='word_1_321' title='bbox 348 2353 638 2388; x_wconf 90' lang='lat' dir='ltr'>oblocutionem</span> <span class='ocrx_word' id='word_1_322' title='bbox 655 2352 783 2398; x_wconf 88' lang='lat' dir='ltr'>paullo</span> <span class='ocrx_word' id='word_1_323' title='bbox 802 2352 1051 2387; x_wconf 83' lang='lat' dir='ltr'>molestiorem</span> <span class='ocrx_word' id='word_1_324' title='bbox 1075 2353 1142 2387; x_wconf 82' lang='lat' dir='ltr'>ita</span> <span class='ocrx_word' id='word_1_325' title='bbox 1166 2356 1213 2387; x_wconf 82' lang='lat' dir='ltr'>ut</span> <span class='ocrx_word' id='word_1_326' title='bbox 1238 2363 1348 2397; x_wconf 74' lang='lat' dir='ltr'>aeyra</span> <span class='ocrx_word' id='word_1_327' title='bbox 1366 2354 1493 2388; x_wconf 82' lang='lat' dir='ltr'>videar</span> <span class='ocrx_word' id='word_1_328' title='bbox 1516 2354 1649 2398; x_wconf 78' lang='lat' dir='ltr'>quasi</span> 
     </span>
     <span class='ocr_line' id='line_1_35' title="bbox 122 2410 1646 2456; baseline 0 -11"><span class='ocrx_word' id='word_1_329' title='bbox 122 2411 318 2456; x_wconf 53' lang='lat' dir='ltr'>puerperio</span> <span class='ocrx_word' id='word_1_330' title='bbox 342 2411 473 2445; x_wconf 81' lang='lat' dir='ltr'>cubem.</span> <span class='ocrx_word' id='word_1_331' title='bbox 516 2410 687 2455; x_wconf 79' lang='lat' dir='ltr'>Namque</span> <span class='ocrx_word' id='word_1_332' title='bbox 711 2410 751 2445; x_wconf 85' lang='lat' dir='ltr'>in</span> <span class='ocrx_word' id='word_1_333' title='bbox 776 2411 917 2446; x_wconf 82' lang='lat' dir='ltr'>tradita</span> <span class='ocrx_word' id='word_1_334' title='bbox 941 2411 1124 2456; x_wconf 84' lang='lat' dir='ltr'>scriptura</span> <span class='ocrx_word' id='word_1_335' title='bbox 1147 2411 1324 2456; x_wconf 88' lang='lat' dir='ltr'>quoniam</span> <span class='ocrx_word' id='word_1_336' title='bbox 1349 2414 1387 2447; x_wconf 90' lang='lat' dir='ltr'>et</span> <span class='ocrx_word' id='word_1_337' title='bbox 1410 2413 1568 2456; x_wconf 63' lang='lat' dir='ltr'>gravida</span> <span class='ocrx_word' id='word_1_338' title='bbox 1593 2411 1646 2445; x_wconf 86' lang='lat' dir='ltr'>of—</span> 
     </span>
     <span class='ocr_line' id='line_1_36' title="bbox 127 2468 1646 2514; baseline -0.001 -10"><span class='ocrx_word' id='word_1_339' title='bbox 127 2469 249 2504; x_wconf 78' lang='lat' dir='ltr'>fendit</span> <span class='ocrx_word' id='word_1_340' title='bbox 273 2470 311 2504; x_wconf 88' lang='lat' dir='ltr'>et</span> <span class='ocrx_word' id='word_1_341' title='bbox 328 2469 480 2504; x_wconf 86' lang='lat' dir='ltr'>verbum</span> <span class='ocrx_word' id='word_1_342' title='bbox 500 2468 743 2513; x_wconf 85' lang='lat' dir='ltr'>desideratur,</span> <span class='ocrx_word' id='word_1_343' title='bbox 767 2470 924 2514; x_wconf 76' lang='lat' dir='ltr'>utraque</span> <span class='ocrx_word' id='word_1_344' title='bbox 950 2469 1061 2504; x_wconf 85' lang='lat' dir='ltr'>simul</span> <span class='ocrx_word' id='word_1_345' title='bbox 1085 2470 1298 2504; x_wconf 82' lang='lat' dir='ltr'>removetur</span> <span class='ocrx_word' id='word_1_346' title='bbox 1321 2469 1491 2512; x_wconf 86' lang='lat' dir='ltr'>offensio,</span> <span class='ocrx_word' id='word_1_347' title='bbox 1517 2469 1547 2504; x_wconf 82' lang='lat' dir='ltr'>si</span> <span class='ocrx_word' id='word_1_348' title='bbox 1573 2481 1646 2504; x_wconf 82' lang='lat' dir='ltr'>me-</span> 
     </span>
     <span class='ocr_line' id='line_1_37' title="bbox 129 2528 1647 2574; baseline 0 -12"><span class='ocrx_word' id='word_1_349' title='bbox 129 2537 211 2562; x_wconf 85' lang='lat' dir='ltr'>cum</span> <span class='ocrx_word' id='word_1_350' title='bbox 242 2528 281 2562; x_wconf 94' lang='lat' dir='ltr'>in</span> <span class='ocrx_word' id='word_1_351' title='bbox 310 2529 497 2572; x_wconf 67' lang='lat' dir='ltr'>yraviffla)</span> <span class='ocrx_word' id='word_1_352' title='bbox 527 2528 734 2573; x_wconf 83' lang='lat' dir='ltr'>perfectum</span> <span class='ocrx_word' id='word_1_353' title='bbox 765 2528 953 2572; x_wconf 87' lang='lat' dir='ltr'>quoddam</span> <span class='ocrx_word' id='word_1_354' title='bbox 978 2529 1095 2563; x_wconf 86' lang='lat' dir='ltr'>latere</span> <span class='ocrx_word' id='word_1_355' title='bbox 1120 2528 1332 2573; x_wconf 87' lang='lat' dir='ltr'>suspiceris,</span> <span class='ocrx_word' id='word_1_356' title='bbox 1364 2530 1413 2564; x_wconf 79' lang='lat' dir='ltr'>cla</span> <span class='ocrx_word' id='word_1_357' title='bbox 1439 2529 1581 2574; x_wconf 80' lang='lat' dir='ltr'>syllaba</span> <span class='ocrx_word' id='word_1_358' title='bbox 1605 2532 1647 2562; x_wconf 92' lang='lat' dir='ltr'>ut</span> 
     </span>
     <span class='ocr_line' id='line_1_38' title="bbox 129 2585 1646 2632; baseline 0 -12"><span class='ocrx_word' id='word_1_359' title='bbox 129 2585 256 2620; x_wconf 81' lang='lat' dir='ltr'>cadem</span> <span class='ocrx_word' id='word_1_360' title='bbox 281 2585 426 2620; x_wconf 84' lang='lat' dir='ltr'>ratione</span> <span class='ocrx_word' id='word_1_361' title='bbox 452 2585 599 2621; x_wconf 85' lang='lat' dir='ltr'>adiecta</span> <span class='ocrx_word' id='word_1_362' title='bbox 623 2586 683 2630; x_wconf 89' lang='lat' dir='ltr'>sit,</span> <span class='ocrx_word' id='word_1_363' title='bbox 708 2597 783 2630; x_wconf 88' lang='lat' dir='ltr'>qua</span> <span class='ocrx_word' id='word_1_364' title='bbox 807 2586 851 2630; x_wconf 84' lang='lat'>11,</span> <span class='ocrx_word' id='word_1_365' title='bbox 871 2591 904 2630; x_wconf 85' lang='grc'>6,</span> <span class='ocrx_word' id='word_1_366' title='bbox 919 2590 963 2621; x_wconf 84' lang='grc'>55</span> <span class='ocrx_word' id='word_1_367' title='bbox 989 2586 1068 2621; x_wconf 89' lang='lat' dir='ltr'>cod.</span> <span class='ocrx_word' id='word_1_368' title='bbox 1085 2585 1111 2621; x_wconf 82' lang='lat' dir='ltr'>C</span> <span class='ocrx_word' id='word_1_369' title='bbox 1138 2598 1204 2632; x_wconf 91' lang='lat' dir='ltr'>pro</span> <span class='ocrx_word' id='word_1_370' title='bbox 1225 2589 1383 2632; x_wconf 77' lang='lat' dir='ltr'>pariqra</span> <span class='ocrx_word' id='word_1_371' title='bbox 1409 2599 1452 2623; x_wconf 87' lang='lat' dir='ltr'>ex</span> <span class='ocrx_word' id='word_1_372' title='bbox 1480 2587 1646 2632; x_wconf 75' lang='lat' dir='ltr'>Phryyz&#39;a</span> 
     </span>
     <span class='ocr_line' id='line_1_39' title="bbox 130 2643 1479 2691; baseline 0.001 -13"><span class='ocrx_word' id='word_1_373' title='bbox 130 2645 301 2689; x_wconf 79' lang='lat' dir='ltr'>corrupto</span> <span class='ocrx_word' id='word_1_374' title='bbox 326 2643 519 2678; x_wconf 88' lang='lat' dir='ltr'>substituit</span> <span class='ocrx_word' id='word_1_375' title='bbox 535 2645 629 2688; x_wconf 76' lang='lat' dir='ltr'>pari</span> <span class='ocrx_word' id='word_1_376' title='bbox 650 2645 803 2688; x_wconf 69' lang='lat' dir='ltr'>qratia.</span> <span class='ocrx_word' id='word_1_377' title='bbox 852 2644 981 2688; x_wconf 87' lang='lat' dir='ltr'>Itaque</span> <span class='ocrx_word' id='word_1_378' title='bbox 1008 2645 1241 2680; x_wconf 88' lang='lat' dir='ltr'>scribendum</span> <span class='ocrx_word' id='word_1_379' title='bbox 1268 2658 1345 2682; x_wconf 89' lang='lat' dir='ltr'>esse</span> <span class='ocrx_word' id='word_1_380' title='bbox 1369 2648 1479 2691; x_wconf 85' lang='lat' dir='ltr'>puto:</span> 
     </span>
    </p>
   </div>
   <div class='ocr_carea' id='block_1_4' title="bbox 339 2713 1467 2760">
    <p class='ocr_par' dir='ltr' id='par_1_5' title="bbox 339 2713 1467 2760">
     <span class='ocr_line' id='line_1_40' title="bbox 339 2713 1467 2760; baseline 0.003 -13"><span class='ocrx_word' id='word_1_381' title='bbox 339 2724 495 2757; x_wconf 89' lang='lat' dir='ltr'>eumque</span> <span class='ocrx_word' id='word_1_382' title='bbox 521 2713 653 2748; x_wconf 73' lang='lat' dir='ltr'>ornatu</span> <span class='ocrx_word' id='word_1_383' title='bbox 679 2713 732 2748; x_wconf 89' lang='lat' dir='ltr'>mi</span> <span class='ocrx_word' id='word_1_384' title='bbox 756 2713 948 2757; x_wconf 84' lang='lat' dir='ltr'>adcuravi,</span> <span class='ocrx_word' id='word_1_385' title='bbox 974 2715 1080 2758; x_wconf 82' lang='lat' dir='ltr'>quasi</span> <span class='ocrx_word' id='word_1_386' title='bbox 1104 2715 1301 2760; x_wconf 86' lang='lat' dir='ltr'>puerperio</span> <span class='ocrx_word' id='word_1_387' title='bbox 1327 2716 1467 2751; x_wconf 88' lang='lat' dir='ltr'>cubem.</span> 
     </span>
    </p>
   </div>
   <div class='ocr_carea' id='block_1_5' title="bbox 27 2781 1645 2901">
    <p class='ocr_par' dir='ltr' id='par_1_6' title="bbox 27 2781 1645 2901">
     <span class='ocr_line' id='line_1_41' title="bbox 27 2781 1645 2833; baseline 0.001 -15"><span class='ocrx_word' id='word_1_388' title='bbox 27 2826 30 2833; x_wconf 38' lang='lat'>¹</span> <span class='ocrx_word' id='word_1_389' title='bbox 129 2781 208 2818; x_wconf 80' lang='lat' dir='ltr'>Iam</span> <span class='ocrx_word' id='word_1_390' title='bbox 231 2793 279 2817; x_wconf 89' lang='lat' dir='ltr'>ne</span> <span class='ocrx_word' id='word_1_391' title='bbox 303 2782 385 2827; x_wconf 90' lang='lat' dir='ltr'>quis</span> <span class='ocrx_word' id='word_1_392' title='bbox 410 2783 449 2817; x_wconf 94' lang='lat' dir='ltr'>in</span> <span class='ocrx_word' id='word_1_393' title='bbox 473 2794 517 2818; x_wconf 92' lang='lat' dir='ltr'>eo</span> <span class='ocrx_word' id='word_1_394' title='bbox 542 2783 704 2824; x_wconf 68' lang='lat' dir='ltr'>offendat</span> <span class='ocrx_word' id='word_1_395' title='bbox 729 2784 827 2828; x_wconf 88' lang='lat' dir='ltr'>quod</span> <span class='ocrx_word' id='word_1_396' title='bbox 853 2784 1032 2819; x_wconf 74' lang='lat' dir='ltr'>adcuravi</span> <span class='ocrx_word' id='word_1_397' title='bbox 1061 2784 1205 2830; x_wconf 84' lang='lat' dir='ltr'>induxi,</span> <span class='ocrx_word' id='word_1_398' title='bbox 1243 2798 1326 2820; x_wconf 83' lang='lat' dir='ltr'>cum</span> <span class='ocrx_word' id='word_1_399' title='bbox 1357 2797 1467 2820; x_wconf 84' lang='lat' dir='ltr'>versu</span> <span class='ocrx_word' id='word_1_400' title='bbox 1497 2785 1645 2820; x_wconf 90' lang='lat' dir='ltr'>demum</span> 
     </span>
     <span class='ocr_line' id='line_1_42' title="bbox 27 2841 1643 2901; baseline 0.002 -26"><span class='ocrx_word' id='word_1_401' title='bbox 27 2844 50 2901; x_wconf 28' lang='lat' dir='ltr'>‘v</span> <span class='ocrx_word' id='word_1_402' title='bbox 130 2844 177 2875; x_wconf 83' lang='lat'>20</span> <span class='ocrx_word' id='word_1_403' title='bbox 201 2841 412 2876; x_wconf 79' lang='lat' dir='ltr'>adcuratam</span> <span class='ocrx_word' id='word_1_404' title='bbox 439 2843 571 2885; x_wconf 86' lang='lat' dir='ltr'>exstet,</span> <span class='ocrx_word' id='word_1_405' title='bbox 596 2842 692 2876; x_wconf 89' lang='lat' dir='ltr'>hunc</span> <span class='ocrx_word' id='word_1_406' title='bbox 717 2842 776 2876; x_wconf 90' lang='lat' dir='ltr'>vel</span> <span class='ocrx_word' id='word_1_407' title='bbox 801 2842 849 2876; x_wconf 89' lang='lat' dir='ltr'>ob</span> <span class='ocrx_word' id='word_1_408' title='bbox 874 2853 1019 2877; x_wconf 88' lang='lat' dir='ltr'>versum</span> <span class='ocrx_word' id='word_1_409' title='bbox 1039 2847 1084 2878; x_wconf 80' lang='lat'>28</span> <span class='ocrx_word' id='word_1_410' title='bbox 1105 2856 1171 2889; x_wconf 89' lang='lat' dir='ltr'>pro</span> <span class='ocrx_word' id='word_1_411' title='bbox 1191 2844 1414 2889; x_wconf 85' lang='lat' dir='ltr'>interpolato</span> <span class='ocrx_word' id='word_1_412' title='bbox 1434 2843 1643 2879; x_wconf 85' lang='lat' dir='ltr'>habendum</span> 
     </span>
    </p>
   </div>
   <div class='ocr_carea' id='block_1_6' title="bbox 0 1869 67 3106">
    <p class='ocr_par' dir='ltr' id='par_1_7' title="bbox 0 1869 67 3106">
     <span class='ocr_line' id='line_1_43' title="bbox 0 1869 67 3106; baseline 0 0"><span class='ocrx_word' id='word_1_413' title='bbox 0 1869 67 3106; x_wconf 95' lang='lat' dir='ltr'> </span> 
     </span>
    </p>
   </div>
   <div class='ocr_carea' id='block_1_7' title="bbox 1316 2901 1364 2940">
    <p class='ocr_par' dir='ltr' id='par_1_8' title="bbox 1316 2901 1364 2940">
     <span class='ocr_line' id='line_1_44' title="bbox 1316 2901 1364 2940; baseline 0 -18"><span class='ocrx_word' id='word_1_414' title='bbox 1316 2901 1364 2940; x_wconf 75' lang='lat'>3*</span> 
     </span>
    </p>
   </div>
  </div>
 </body>
</html>
