1904 3106
895 112 1181 156 mg2m

274 221 468 273 tempore
512 216 763 260 thesaurum
801 219 923 261 illum
963 220 1313 263 laudatissimum
1354 220 1573 277 adierunt,
1615 219 1800 264 Bothius

272 289 560 332 nominandus
594 292 676 344 est,
719 290 833 332 inter
863 292 1184 335 recentissimos
1225 295 1369 335 autem
1400 292 1647 349 Wagnerus
1663 291 1714 349 ι9)
1757 295 1801 334 et

274 361 459 403 maxime
507 359 761 416 Geppertus.
836 360 968 405 Cuius
1008 363 1237 419 Epidicum
1279 364 1352 419 qui
1391 363 1644 418 inspexerit,
1686 363 1802 406 haud

273 447 431 486 paucas
472 432 707 486 scripturas
752 433 857 476 solis
900 435 1119 477 codicibus
1157 434 1394 491 Langiam's
1439 434 1585 476 deberi
1627 434 1802 489 videbit,

274 504 393 545 velut
424 504 518 546 sola
554 502 636 545 hac
667 503 866 546 nituntur
903 505 1161 547 auctoritate
1192 505 1327 548 verba
1356 519 1441 548 non
1469 519 1660 560 myarem
1691 504 1732 560 (Ι
1761 496 1813 560 2,

279 574 362 630 13),
387 588 562 628 prorsus
591 588 634 616 se
662 572 748 631 (III
780 576 820 630 3,
851 575 940 631 31),
971 589 1067 619 moa:
1098 574 1283 631 (argum.
1314 591 1351 619 v,
1377 575 1437 631 5),
1467 579 1554 618 tum
1586 575 1647 632 (II
1666 576 1707 631 2,
1726 575 1801 618 97:

272 646 359 687 ‘iam
385 649 481 688 tunc
512 660 562 687 ex
582 644 789 701 Gepperti
810 647 1102 702 adnotatione,
1133 647 1245 707 unde
1276 662 1398 690 suam
1430 647 1669 702 desumpsit
1699 647 1800 690 scri-

273 715 485 773 pturam),
529 717 625 759 alia.
705 718 756 759 In
802 719 956 773 quibus
1001 719 1210 761 editorem
1259 719 1345 761 nisi
1394 718 1801 774 neglegentissimus

273 788 428 830 fuisset
458 803 592 830 unum
625 791 738 831 certe
770 789 957 832 debebat
988 790 1214 844 offendere,
1246 789 1360 846 quod
1384 790 1491 832 haec
1522 792 1567 832 et
1597 789 1684 831 alia
1713 789 1801 831 iam

275 857 550 902 Camerarius
590 859 694 902 olim
734 861 975 903 coniecerat
1012 861 1079 904 vel
1120 861 1274 903 saltem
1313 861 1529 915 ediderat-,3-
1566 861 1684 903 velut
1718 873 1802 902 non

273 945 463 994 myarem
496 931 569 972 ille
602 933 646 972 et
672 945 844 984 prorsus
874 945 916 975 se
947 933 1122 988 scripsit
1152 935 1196 974 et
1226 933 1313 974 iam
1345 936 1440 974 tunc
1469 932 1635 987 posuit3
1670 931 1802 974 idem—

277 1017 357 1057 que
383 1016 479 1045 mox
503 1002 665 1057 recepit
683 1002 894 1057 Pyladem
914 1006 1098 1046 secutus.
1124 1002 1186 1047 Cf.
1206 1018 1335 1059 porro
1356 1003 1538 1057 pessima
1555 1001 1638 1060 (IV
1657 1003 1698 1058 2,
1716 1002 1805 1059 24),

274 1087 365 1128 erqo
397 1072 478 1130 (IV
511 1074 557 1129 2,
589 1072 684 1130 27),
726 1078 833 1117 emta
865 1074 926 1131 (V
963 1077 1006 1131 1,
1038 1073 1098 1131 2),
1142 1075 1296 1132 quibus
1330 1074 1536 1130 exemplis
1574 1074 1695 1116 nullo
1735 1087 1806 1122 ne-

276 1145 397 1200 gotio
431 1145 529 1187 addi
562 1149 746 1200 possunt
777 1147 914 1202 plura.
1530 1187 1535 1195 N

394 1215 478 1258 Sed
521 1216 686 1258 accedit
731 1217 818 1259 alia
860 1232 927 1260 res
971 1218 1147 1273 perinde
1191 1218 1499 1261 memorabilis.
1574 1216 1803 1260 Sciendum

275 1290 341 1328 est
358 1287 472 1329 enim
487 1285 689 1329 carolum
709 1287 922 1343 Langium
946 1290 1182 1344 scripturas
1208 1304 1308 1332 suas
1333 1288 1520 1344 margini
1546 1287 1804 1342 exemplaris

276 1358 570 1402 Camerariani
597 1358 817 1414 adiecisse,
848 1360 958 1403 unde
986 1375 1058 1403 eas
1085 1361 1353 1403 excudendas
1379 1360 1547 1403 curavit
1565 1358 1806 1412 Plautinae,

275 1430 317 1472 id
359 1430 471 1485 quod
512 1429 768 1485 planissime
810 1430 967 1474 docent
1004 1432 1307 1475 adnotationes
1348 1431 1450 1474 hae:
1495 1429 1551 1472 ad
1587 1442 1678 1484 arg.
1707 1443 1746 1471 v.
1777 1428 1805 1470 2

274 1501 443 1543 subiecit
470 1502 553 1555 filii
584 1499 796 1556 (sequitur
821 1505 870 1544 ut
893 1502 938 1544 in
965 1503 1055 1545 eius
1081 1502 1319 1558 exemplari
1343 1502 1475 1544 fuerit
1497 1502 1674 1544 subiecit.
1704 1499 1804 1554 filio,

276 1572 387 1626 quod
420 1572 601 1614 coniecit
633 1571 904 1615 Camerarius
920 1572 1013 1630 20));
1045 1574 1065 1616 I
1102 1575 1143 1628 1,
1179 1573 1233 1615 15
1262 1574 1386 1616 varie.
1417 1573 1498 1626 Ep.
1537 1571 1620 1628 (ita
1655 1584 1805 1613 omnes

378 1679 434 1721 17)
475 1677 528 1713 Cf.
562 1678 799 1714 Taubmanni
825 1679 997 1715 editionis
1021 1679 1142 1714 Plaut.
1169 1692 1204 1725 p.
1234 1684 1270 1714 1:
1311 1678 1572 1723 ‘Antiquarum
1602 1675 1806 1712 lectionum

230 1729 233 1731 ’
276 1737 555 1782 discrepantias,
582 1748 674 1781 quas
701 1737 781 1773 Car.
809 1738 972 1784 Langius
999 1750 1043 1773 ex
1067 1738 1187 1774 tribus
1212 1737 1299 1773 Mss.
1330 1736 1603 1782 exemplaribus
1635 1733 1803 1781 digessit,

278 1808 344 1841 pro
369 1796 547 1832 thesauro
573 1796 736 1832 habuere
763 1797 790 1831 Ι.
817 1797 1093 1833 Gulielmius
1120 1799 1159 1832 et
1182 1797 1279 1832 alter
1303 1797 1368 1832 ille
1393 1807 1416 1832 a
1441 1795 1654 1838 camerario
1678 1792 1804 1829 Plauti

277 1855 478 1900 sospitator
515 1855 649 1891 Ianus
687 1855 943 1892 Gruterus’.
995 1856 1049 1893 Cf.
1076 1856 1267 1892 Gulielmii
1291 1855 1463 1892 Verisim.
1490 1854 1506 1889 I
1533 1858 1594 1896 123
1621 1852 1674 1888 ΙΙΙ
1699 1857 1738 1896 1;
1763 1856 1803 1895 33

277 1914 424 1950 Gruteri
451 1915 556 1960 Susp.
586 1916 599 1950 I
627 1919 665 1959 8;
705 1916 754 1950 111
781 1920 820 1958 33
860 1916 891 1950 V
920 1921 980 1959 133
1019 1916 1070 1950 VI
1096 1920 1135 1958 93
1162 1919 1222 1958 123
1262 1915 1331 1950 VII
1357 1918 1396 1958 33
1433 1913 1521 1948 VIII
1547 1915 1589 1947 11
1617 1911 1805 1956 (fidelium

278 1974 563 2019 ezcemplarium).

375 2034 431 2077 18)
464 2033 559 2068 Vide
585 2035 736 2070 nomina
761 2037 955 2070 auctorum
980 2045 1010 2070 e.
1037 2046 1072 2079 q.
1099 2046 1124 2069 s.
1157 2033 1264 2069 alteri
1297 2033 1376 2068 eius
1407 2030 1562 2067 editioni
1585 2029 1804 2075 praemissa:

280 2092 546 2137 ‘Manuscripti
571 2094 647 2127 tres
672 2092 801 2128 Karoli
822 2091 956 2138 Langii
981 2091 1020 2127 in
1046 2093 1130 2127 octo
1156 2091 1295 2136 priores
1320 2090 1478 2126 fabulas.
1519 2088 1662 2134 Optimi
1684 2087 1743 2123 illi
1767 2089 1806 2124 et

277 2153 388 2187 notae
413 2151 524 2196 plane
551 2151 802 2197 Opimianae’.

376 2212 433 2253 19)
465 2209 619 2246 Prorsus
643 2211 742 2246 falsa
767 2211 846 2246 eius
872 2211 917 2246 de
943 2211 1131 2247 codicibus
1158 2210 1360 2257 Langianis
1392 2209 1518 2255 opinio
1550 2210 1623 2253 est,
1658 2219 1741 2243 cum
1766 2206 1804 2242 in

266 2268 519 2314 *praefationis
536 2269 748 2304 Aululariae
768 2282 803 2314 p.
815 2269 900 2304 VIII
919 2269 1012 2305 haec
1030 2269 1188 2305 dicenda
1206 2268 1408 2314 putaverit:
1436 2265 1635 2313 ‘Langiani
1660 2266 1803 2302 eolla—

277 2327 352 2362 ted
377 2328 432 2372 by
458 2328 626 2363 Parcus
651 2328 737 2363 and
764 2328 963 2363 Gruter’.

376 2389 435 2432 20)
463 2386 534 2421 Sed
561 2387 683 2422 nescio
716 2399 763 2422 an
790 2387 937 2422 defendi
964 2387 1082 2431 possit
1111 2387 1183 2430 filii
1214 2385 1397 2430 scriptura
1428 2396 1471 2420 ex
1496 2396 1566 2420 usu
1590 2381 1805 2429 posterioris

278 2445 472 2491 temporis,
499 2446 547 2481 ad
572 2446 672 2490 quod
697 2448 843 2482 constat
868 2446 1048 2491 originem
1075 2446 1378 2491 argumentorum
1404 2443 1600 2489 pertinere.
1652 2440 1802 2477 Initium

278 2504 488 2550 argumenti
513 2505 582 2540 tali
608 2506 718 2541 modo
745 2505 939 2541 constitui:

561 2564 663 2600 Emit
687 2564 875 2600 fidicinam
898 2563 1018 2599 filiam
1043 2563 1195 2599 credens
1221 2573 1330 2598 senex

562 2623 742 2658 Persuasu
769 2622 881 2666 servi,
909 2622 973 2666 qui
999 2621 1112 2657 aliam
1138 2620 1410 2658 conducticiam

564 2682 701 2717 Iterum
727 2693 794 2727 pro
820 2681 941 2717 amica
967 2683 1000 2717 ei
1026 2680 1186 2717 subiecit
1209 2681 1289 2717 fssii.

563 2741 638 2776 Dat
663 2741 745 2776 erili
771 2742 969 2786 argentum
995 2751 1025 2776 e.
1051 2752 1086 2785 q.
1114 2754 1139 2776 s.

280 2802 511 2845 Quamquam
543 2811 603 2835 me
634 2811 706 2835 non
739 2800 839 2845 fugit
863 2799 957 2834 alios
982 2800 1027 2835 de
1054 2799 1165 2835 tertio
1191 2799 1360 2845 inprimis
1385 2809 1493 2833 versu
1518 2806 1667 2840 prorsus
1693 2795 1802 2830 aliter

279 2860 424 2895 sentire.
476 2859 597 2894 Erilis
623 2859 720 2894 idem
747 2860 803 2894 est
828 2858 927 2903 quod
952 2859 1053 2894 erilis
1076 2859 1192 2902 filius:
1221 2858 1266 2894 cf.
1293 2857 1423 2893 Pseud.
1451 2866 1592 2900 argum.
1622 2855 1634 2888 l
1660 2866 1692 2889 v.
1721 2858 1753 2889 6.
