1904 3106
0 2683 27 3106 ffvsvffl‘nvr‘f'fflfflwwwv*
0 2657 11 2667 v
0 2539 11 2647 v--v-w
0 2442 14 2518 ‘W‘

713 112 1006 154 ..61-

102 221 312 278 Seyfferto
343 220 499 263 Philol.
530 222 560 261 t.
591 218 714 261 XXV
746 233 785 272 p.
804 217 892 259 464
923 216 1157 258 Muellerus
1188 216 1215 256 l.
1248 230 1280 256 S.
1312 229 1343 256 s.
1375 230 1414 269 p.
1434 215 1520 257 486
1551 212 1623 270 (cf.

102 291 305 336 ‘Nachtrss
348 307 390 347 p.
429 291 480 333 71
514 288 595 346 sq.)
638 289 749 342 Quos
789 301 919 330 nunc
960 287 1208 340 mutabant,
1251 286 1343 327 iure
1387 286 1624 340 meritoque

101 362 369 405 Luebbertus
401 358 519 403 Stud.
551 373 731 415 gramm.
762 358 808 400 P.
837 357 880 400 II
912 373 952 413 p.
987 358 1070 400 118
1091 372 1164 412 sq„
1202 357 1288 398 249
1308 371 1370 411 sq.
1410 371 1507 398 cum
1539 355 1627 397 alia

104 433 300 488 exempla
323 432 538 487 opposuit,
562 433 654 473 tum
680 429 803 485 Capt.
822 445 861 471 v.
883 429 967 471 724
982 443 1060 484 sq.:
1093 427 1169 469 Ibi
1197 441 1334 481 quom
1366 427 1445 469 alii
1468 430 1628 468 octonos

104 505 259 558 lapides
286 503 501 557 ecfodiam,
530 502 633 543 nisi
663 500 879 543 Cotidiano
903 501 1138 553 sesquio1ms
1161 499 1396 552 confeceris,
1427 498 1627 540 Sescento-

101 576 224 630 playo
260 588 406 616 nomen
444 574 608 615 indetur
639 572 723 614 tibi.
785 570 867 613 Sed
899 570 1007 612 illud
1039 570 1185 626 potius
1218 570 1332 611 male
1362 570 1627 625 molesteque

103 646 248 700 habet,
278 644 392 700 quod
423 647 523 700 post
552 644 766 698 duplicem
798 643 994 697 protasin
1020 642 1362 697 superingeritur
1388 641 1628 683 enuntiatio

105 717 303 760 relativa:

266 809 348 860 Qui
378 811 554 851 nostrae
585 810 720 851 aetati
752 808 1082 864 intempestivae
1099 806 1167 863 ¹⁰⁹)
1199 808 1452 863 temperent.

106 903 189 948 Sed
225 905 333 947 duos
370 919 519 947 versus
557 919 583 946 a
619 904 803 946 relativo
842 903 1098 958 incipientes
1137 903 1279 945 sedem
1313 903 1427 945 inter
1457 918 1502 944 se
1534 917 1627 957 per-

107 978 295 1018 mutasse
325 975 471 1018 neseio
510 990 564 1017 an
595 989 876 1030 persuasurus
915 975 996 1016 sim
1033 974 1283 1016 hominibus
1316 974 1494 1037 doctis&
1517 975 1629 1016 sicut

107 1045 221 1088 idem
257 1046 309 1088 de
347 1047 540 1088 versibus
572 1047 630 1088 46
651 1061 714 1101 sq.
753 1061 778 1088 a
816 1046 930 1087 Nam
962 1048 1006 1088 et
1038 1045 1173 1098 Quam
1209 1045 1514 1101 incipientibus
1548 1044 1628 1087 Ca-

107 1117 315 1158 merarius
347 1117 547 1159 omnibus
578 1117 812 1172 persuasit3
846 1117 1100 1171 praesertim
1131 1131 1228 1159 cum
1254 1118 1467 1170 temperi‘nt
1490 1117 1631 1159 forma

107 1202 135 1229 a
165 1187 379 1230 codicibus
412 1190 599 1243 servata,
620 1228 624 1231 ,
642 1188 693 1230 de
726 1202 812 1242 qua
843 1187 991 1229 videas
1022 1187 1315 1230 Luebbertum
1346 1188 1628 1230 disserentem

109 1256 227 1300 Stud.
258 1272 438 1314 gramm.
468 1258 514 1301 P.
544 1258 567 1300 Ι
597 1274 637 1313 p.
669 1259 745 1313 94,
788 1273 916 1314 quam
954 1273 1005 1300 ex
1042 1259 1203 1301 tradito
1242 1274 1441 1301 versuum
1481 1260 1630 1302 ordine

108 1342 205 1370 cum
224 1327 354 1371 Valla
384 1330 430 1371 in
461 1332 680 1384 temperent
709 1328 962 1370 mutandum
993 1343 1086 1370 esse
1113 1327 1375 1383 Spengelius
1399 1330 1631 1384 perspexit,

111 1399 382 1453 aptissimum
413 1401 719 1455 propriumque
751 1399 891 1441 locum
924 1399 1118 1455 recipiat,
1150 1400 1186 1441 si
1217 1401 1553 1455 reposuerimus:

320 1492 387 1535 Ne
418 1493 494 1548 qui
521 1494 713 1549 parentis
743 1496 827 1535 neu
859 1493 1034 1548 cognati
1066 1494 1271 1549 sentiant,

323 1563 405 1614 Qui
435 1566 609 1607 n6strae
641 1565 774 1605 aetati
807 1564 1137 1619 intempestivae
1168 1565 1414 1620 temperint.

322 1635 437 1684 Quos
469 1636 598 1690 quom
631 1636 837 1690 celamus,
869 1633 909 1676 si
936 1635 1122 1678 faximus
1154 1636 1350 1678 e6nseios
1380 1640 1448 1678 eet.

111 1726 192 1769 Sed
223 1727 311 1770 iam
342 1728 397 1789 ad
426 1727 554 1770 huius
585 1729 895 1771 enuntiationis
928 1729 1139 1784 apodosin
1164 1731 1405 1773 accedimus
1430 1732 1631 1787 expeditu

71 1788 74 1791 ¹
112 1798 430 1841 difficillimam:

322 1893 448 1935 Unne
479 1892 608 1949 (unde
639 1892 734 1950 CD)
767 1897 1024 1950 anteparata
1054 1896 1201 1939 demus
1221 1876 1332 1952 ‘post
1362 1899 1608 1953 partoribus

324 1963 474 2005 Faxim
505 1965 708 2007 lenonum
739 1969 782 2007 et
814 1970 1055 2009 scortorum
1087 1969 1186 2023 plus
1218 1972 1284 2010 est

325 2034 384 2076 Et
415 2035 556 2076 minus
588 2035 747 2092 (minos
768 2036 824 2093 B)
855 2038 1193 2093 dampnosorum
1223 2038 1382 2095 (danos
1401 2041 1555 2084 horum
1576 2041 1631 2098 B)

793 2107 1018 2150 hominum
1049 2123 1177 2163 quam
1208 2124 1321 2152 nunc
1352 2114 1454 2152 sunt
1485 2112 1579 2153 siet.

26 2214 31 2219 ·
114 2198 199 2241 Pro
223 2199 323 2252 plus
352 2202 410 2240 est
447 2199 559 2254 quod
589 2201 738 2255 procul
770 2201 899 2244 dubio
930 2202 1105 2258 irrepsit
1137 2218 1187 2245 ex
1219 2219 1257 2246 v.
1288 2205 1346 2246 45
1378 2206 1492 2247 Nam
1523 2220 1634 2248 nunc

115 2269 304 2311 lenonum
352 2273 390 2311 et
429 2274 653 2313 scortorum
696 2272 794 2325 plus
835 2275 895 2315 est
931 2273 1017 2325 fere
1058 2273 1249 2329 plerique
1293 2290 1390 2317 cum
1432 2276 1632 2318 Acidalio

110 2339 279 2393 posthac
307 2341 456 2391 minus,
488 2341 564 2383 alii
590 2357 686 2383 cum
710 2342 900 2384 Meursio
931 2344 1058 2385 multo
1087 2346 1239 2400 minus,
1269 2346 1499 2401 Maehlyus
1518 2347 1588 2389 1.s.
1601 2362 1633 2389 S.

113 2410 302 2462 faximus
326 2411 514 2453 lenonum
539 2416 577 2453 et
600 2416 822 2455 scortorum
838 2417 935 2467 post
947 2411 997 2470 (ἱ)
1022 2415 1161 2458 min-m
1186 2416 1512 2459 substituerunt.
1554 2418 1633 2459 At-

118 2480 191 2535 qui
215 2481 361 2522 nullus
392 2482 588 2536 equidem
620 2483 787 2538 dubito,
818 2484 921 2539 quin
953 2499 1004 2526 ex
1035 2486 1185 2528 eodem
1216 2502 1342 2530 versu
1355 2489 1414 2531 45
1446 2490 1633 2531 lenonum

117 2554 155 2592 et
187 2554 409 2594 seorim-um
446 2553 499 2594 ad
536 2553 667 2595 verba
703 2554 992 2596 damnosorum
1028 2555 1240 2599 hominum
1280 2559 1531 2613 explicanda
1562 2559 1632 2601 ad-

119 2622 280 2676 scripta
312 2622 419 2677 sint,
449 2637 630 2678 quorum
661 2625 789 2666 tertia
820 2625 912 2667 vice
944 2641 983 2668 v.
1012 2627 1069 2669 48
1102 2629 1362 2671 mentionem
1392 2630 1529 2683 repeti
1559 2645 1636 2684 per

120 2707 164 2735 se
193 2709 278 2736 non
308 2696 454 2748 potest
483 2709 570 2736 non
601 2695 830 2736 molestum
861 2696 1007 2737 videri.
1055 2697 1250 2754 Denique
1278 2701 1414 2752 saevim-
1441 2724 1495 2729 —
1522 2701 1635 2755 quod

217 2847 299 2890 109)
326 2844 381 2880 cf.
407 2845 626 2891 Spengelius
651 2845 690 2880 in
717 2845 800 2881 adn.
826 2846 872 2880 ad
898 2846 935 2882 h.
960 2847 997 2890 l.,
1022 2837 1266 2894 Kiesslingius
1291 2850 1315 2885 l.
1341 2862 1369 2886 s,
1396 2862 1423 2885 S.
1449 2862 1485 2896 p.
1507 2855 1586 2887 621.
