1904 3106
892 88 1179 132 *98-

393 194 531 250 Pergo
572 210 687 237 nunc
727 195 780 238 ad
822 195 952 238 aliam
994 195 1339 251 interpolationis
1381 194 1642 250 detegendae
1673 194 1799 237 viam.

276 265 490 320 Amphitr.
523 281 560 308 v.
593 266 677 308 339
700 281 760 322 sq.
793 268 903 309 tales
936 268 982 309 in
1014 267 1137 309 libris
1171 266 1547 309 circumferuntur:

332 360 493 403 Verum
526 363 690 403 eertum
723 364 789 404 est
821 362 1082 405 confidenter
1111 362 1331 404 hominem
1363 364 1514 405 contra
1546 360 1747 418 conloqui

332 433 503 489 Igitur
541 434 613 488 qui
653 433 818 488 possim
857 433 1001 476 videre
1039 434 1139 476 huic
1175 433 1302 476 fortis
1342 449 1367 475 a
1397 447 1466 475 me
1503 435 1554 475 ut
1585 431 1800 475 abstineat
1844 485 1858 498 ἡ

1410 518 1597 547 manum.

275 586 538 631 Deleverunt
570 588 650 629 viri
683 588 798 631 docti
830 589 957 643 ἱρέων
989 591 1126 631 metro
1159 588 1396 644 flagitante.
1459 587 1581 638 Quod
1614 587 1652 629 si
1682 588 1798 628 recte

274 659 483 714 fecerunt,
533 673 708 701 manum
751 660 997 714 interpretis
1042 659 1398 714 deprehendimus
1443 657 1674 700 indicantis
1717 670 1801 712 quo

273 730 566 773 contineretur
610 730 780 772 vinculo
819 730 1035 785 posterior
1075 745 1223 772 versus
1262 745 1357 772 cum
1396 729 1550 785 priore.
1622 727 1802 770 Praeter

273 801 354 843 hoc
380 802 622 856 exemplum
650 801 733 844 duo
767 801 853 843 alia
884 801 1123 856 traduntur⁷
1155 802 1228 843 ubi
1259 801 1387 855 ὁρίων
1415 803 1507 842 tam
1532 799 1642 842 miro
1674 799 1800 841 modo

273 874 522 927 usurpatum
566 887 667 914 nam
700 873 734 914 si
768 887 941 914 sensum
971 873 1118 926 habet,
1149 875 1262 914 certe
1293 871 1407 913 idem
1438 871 1656 926 signifieat
1687 869 1800 925 quod

275 943 379 985 alibi
410 957 458 986 ea
488 957 614 986 causa
646 945 714 985 vel
752 945 814 986 ita
844 945 1007 998 quidem
1020 942 1067 1001 ³).
1123 944 1323 986 Alterum
1356 942 1598 998 exemplum
1629 939 1799 996 Epidici

274 1017 351 1066 est,
382 1014 455 1056 ubi
487 1013 552 1056 III
584 1015 624 1070 3,
659 1016 680 1056 1
704 1030 794 1070 sqq.
825 1015 914 1058 fere
946 1015 1009 1058 ita
1040 1015 1164 1058 libris
1191 1013 1463 1057 exhibentur:

331 1108 431 1151 Non
464 1109 551 1151 oris
584 1124 714 1152 causa
745 1109 874 1153 modo
906 1109 1095 1152 hominis
1128 1125 1310 1166 aequom
1342 1109 1425 1152 fuit

332 1179 423 1222 Sibi
456 1179 616 1222 habere
650 1181 890 1236 speculum,
921 1181 995 1223 ubi
1028 1196 1074 1224 os
1108 1181 1450 1236 contemplarent
1482 1193 1618 1234 suom,

334 1249 416 1293 Sed
448 1251 492 1293 id
525 1252 596 1306 qui
623 1251 727 1308 (sibi
749 1252 791 1294 id
813 1251 885 1307 qui
905 1251 953 1308 J)
979 1253 1220 1308 perspicere
1250 1254 1430 1307 possent
1459 1265 1534 1294 cor
1565 1249 1802 1305 sapientiae

332 1323 502 1378 Igitur
535 1323 777 1378 perspicere
809 1326 863 1365 ut
894 1323 1063 1379 possint
1094 1323 1234 1365 cordis
1267 1322 1448 1377 copiam.

274 1416 356 1459 Sed
388 1418 626 1460 rectissime
659 1418 740 1460 viri
773 1418 886 1460 docti
918 1418 1095 1460 tertium
1122 1420 1165 1459 et
1189 1419 1391 1472 quartum
1422 1430 1594 1459 versum
1618 1416 1664 1458 in
1689 1416 1802 1459 hunc

274 1489 473 1531 videntur
505 1488 792 1531 contraxisse:

334 1582 417 1626 Sed
450 1582 528 1636 [id]
563 1581 640 1637 qus
667 1584 912 1639 perspicere
942 1584 1122 1638 possent
1153 1583 1294 1626 cordis
1327 1580 1547 1639 c6piam.4)

273 1678 435 1720 Iterum
474 1678 607 1734 igitur
653 1679 899 1734 interpretis
941 1695 1116 1722 manum
1157 1679 1513 1735 deprehendimus
1555 1676 1803 1720 adnotantis

274 1749 398 1791 haec:
444 1749 600 1805 ‘igitur
638 1750 879 1804 perspicere
910 1753 960 1793 ut
991 1753 1172 1805 possent
1203 1764 1288 1804 cor,
1329 1749 1567 1806 sapientiae
1599 1745 1804 1803 copiam’‚

275 1820 385 1862 unde
416 1820 625 1863 librorum
658 1835 787 1863 manu
821 1822 1080 1876 scriptorum
1111 1822 1240 1864 lectio
1273 1820 1676 1876 conglutinata‘est.

393 1891 487 1933 Iam
525 1890 578 1933 ad
609 1892 785 1934 tertium
824 1892 967 1935 locum
1000 1892 1284 1934 accedendum
1316 1893 1382 1935 est
1411 1890 1527 1933 haud
1559 1889 1801 1933 absimilem

275 1976 422 2004 eorum
443 1977 550 2017 quos
570 1963 767 2005 tractavi
814 1962 982 2005 Asinar.
1015 1978 1053 2006 v.
1073 1963 1159 2005 249
1181 1977 1270 2018 sqq.
1295 1962 1424 2019 vulgo
1444 1962 1508 2004 ita
1527 1960 1801 2004 exhibentur:

335 2054 491 2097 Hercle
523 2070 637 2110 vero,
668 2055 858 2111 Libane,
889 2071 1001 2100 nunc
1032 2059 1075 2099 te
1106 2057 1283 2099 meliust
1314 2053 1598 2111 expergiscier

338 2125 503 2181 Atque
537 2131 754 2183 argento
788 2090 1131 2183 06⁷mparand0
1163 2126 1363 2183 fingere
1394 2126 1673 2169 fallaciam.

372 2291 407 2334 3)
435 2289 488 2325 Cf.
515 2290 647 2326 Holtze
674 2290 777 2335 Synt.
803 2290 913 2336 prisc.
939 2290 1064 2336 script.
1090 2291 1156 2327 lat.
1183 2291 1255 2327 vol.
1282 2291 1316 2326 II
1341 2302 1378 2336 p.
1405 2294 1475 2326 366
1500 2291 1539 2325 et
1563 2289 1673 2325 Hand
1698 2288 1802 2324 Ture.

277 2347 349 2384 vol.
374 2348 485 2394 III'p.
515 2354 594 2386 187.

372 2420 408 2463 4)
433 2419 474 2455 id
494 2420 692 2455 delendum
713 2423 785 2464 est3
807 2420 905 2456 oculi
925 2420 1068 2456 librarii
1081 2420 1346 2455 aberraverunt
1358 2418 1397 2454 in
1410 2418 1623 2463 sequentem
1637 2428 1800 2453 versum:

491 2491 563 2526 Ubi
589 2492 628 2526 id
652 2491 902 2537 inspexissent
925 2501 956 2525 e.
982 2503 1016 2535 q.
1044 2503 1069 2526 s.

281 2561 398 2603 Quem
427 2562 531 2606 sequi
556 2561 676 2597 voluit
699 2573 845 2597 versum
872 2560 1080 2606 Geppertus

492 2631 579 2667 Fuit
603 2630 836 2668 conducibile
862 2632 933 2666 hoc
959 2631 1108 2675 quidem
1134 2641 1218 2666 mea
1243 2622 1431 2666 sententia

279 2714 380 2747 eum,
413 2714 496 2738 cum
522 2702 568 2738 de
594 2703 816 2739 necessitate
842 2701 1106 2747 transponendi
1131 2701 1254 2737 nullus
1281 2701 1446 2736 dubitem
1472 2701 1525 2746 (in
1551 2700 1656 2736 libris
1680 2701 1801 2736 exstat

280 2764 365 2806 post
390 2775 422 2797 v.
451 2763 522 2807 11),
547 2763 634 2807 post
658 2774 691 2796 v.
719 2765 739 2796 6
772 2761 983 2806 ponendum
1019 2760 1142 2795 iudico
1181 2772 1262 2796 cum
1301 2760 1442 2803 Brixio3
1492 2759 1537 2795 ef.
1575 2760 1802 2796 Fleckeiseni

279 2820 371 2856 Nov.
400 2821 522 2858 annal.
547 2821 620 2855 vol.
650 2824 713 2855 101
744 2827 789 2865 (a.
818 2821 923 2864 1870)
949 2832 984 2865 p.
1007 2824 1084 2855 761.

1877 2663 1889 2672 Ι
