1904 3106
761 84 1050 125 ..37-

147 197 245 237 λῶ(
284 192 647 243 ἀπολαύωμεν
685 194 771 242 τῆς
810 179 1169 244 πληεμονῆεἮ)
1207 189 1420 243 optimum
1452 188 1670 230 continere

147 265 392 307 trimetrum
443 277 494 304 ex
538 261 702 303 ‘nescio
747 274 830 315 quo
873 261 1004 314 poeta
1046 259 1210 301 comico
1254 259 1495 301 traductum
1509 258 1534 313 ²,
1582 259 1670 301 iam

147 334 264 378 haud
300 334 444 389 inepte
481 334 526 374 et
559 332 671 374 hunc
710 345 878 386 quoque
916 344 1087 372 versum
1126 344 1176 371 ex
1207 329 1431 372 Menandri
1465 328 1670 384 Sicyonio

150 405 448 461 depromptum
486 418 579 445 esse
617 402 924 444 arbitrabimur
961 403 1004 442 et
1039 399 1264 442 Diniarchi
1300 400 1432 442 verba
1469 400 1515 441 in
1553 415 1670 442 com-

146 476 414 531 parationem
446 472 736 517 adscribemus
767 471 823 527 II,
842 472 881 527 3,
901 473 1049 527 21sq.:

265 570 327 613 Ut
355 570 450 612 rem
481 581 651 610 servare
684 568 874 609 suavest!
906 581 984 608 vae
1015 566 1173 608 misero
1206 566 1332 608 mihi!

263 640 545 695 Postpartum
576 638 687 680 flebo
703 635 766 694 72),
797 638 871 693 qui
903 639 1178 693 antepartum
1209 637 1389 692 perdidi.

264 711 427 754 Verum
458 724 572 752 nunc
605 709 728 763 siqua
758 707 864 749 mihi
896 708 1103 763 obtigerit
1134 708 1364 763 hereditas,

265 781 426 838 Magna
457 782 586 835 atque
616 778 848 832 luculenta,
879 793 991 820 nunc
1022 779 1254 833 postquam
1287 778 1375 820 scio

268 852 403 895 Dulce
435 853 562 905 atque
594 863 787 890 amarum
820 847 920 903 qul'd
951 848 1010 890 sit
1041 863 1091 891 ex
1122 849 1322 903 pecunia:

265 922 335 965 Ita
365 935 444 978 ego
469 920 594 963 illam
620 918 808 974 [ede]pol
841 933 1004 960 servem
1034 918 1181 974 itaque
1213 934 1339 974 parce
1371 919 1574 974 victitcm,

271 992 332 1035 Ut
363 1017 419 1023 -—
450 991 570 1034 milla
600 989 735 1031 faxim
767 988 827 1031 cis
859 989 950 1031 dies
981 990 1140 1043 paucds
1173 989 1266 1031 siet.

266 1122 386 1165 Haec
415 1121 549 1163 habui
579 1120 630 1161 de
650 1119 875 1161 Menandri
895 1117 1099 1174 Sicyonio
1131 1134 1229 1162 cum
1249 1119 1394 1161 Plauti
1413 1119 1674 1163 Truculento

149 1193 409 1236 conferenda
441 1206 547 1247 quae
578 1191 620 1232 in
653 1190 840 1231 medium
871 1189 1120 1244 proferrem.
1180 1190 1248 1232 Ex
1280 1191 1435 1246 quibus
1469 1192 1597 1233 simul
1630 1195 1674 1234 et

152 1264 259 1306 illud
291 1263 493 1319 apparuit
529 1261 867 1317 contaminatam
904 1276 992 1302 non
1025 1275 1118 1303 esse
1149 1261 1456 1304 Truculentum
1489 1263 1674 1305 et-illud

149 1334 223 1377 vix
253 1337 370 1377 certa
400 1334 568 1377 ratione
606 1332 734 1373 inniti
765 1332 879 1386 quod
910 1331 1123 1387 Bergkius
1154 1333 1250 1375 loco
1282 1347 1408 1388 quem
1440 1348 1572 1387 supra
1605 1349 1673 1376 ex-

149 1406 398 1460 scripsimus
424 1403 571 1460 (p.15)
597 1404 786 1445 affirmat
809 1402 1116 1444 Truculentum
1149 1403 1343 1445 omnium
1376 1404 1561 1445 maxime
1595 1419 1672 1447 suo

149 1478 199 1518 ut
228 1475 386 1518 dicitur
414 1475 556 1517 Marte
588 1490 613 1516 a
643 1473 798 1516 Plauto
836 1473 1123 1527 compositam
1164 1487 1268 1515 esse.
1329 1473 1444 1516 Nam
1476 1474 1673 1530 equidem

151 1560 242 1588 non
266 1546 368 1588 novi
391 1546 597 1599 fabulam,
627 1544 673 1585 in
698 1559 782 1598 qua
805 1546 895 1585 tam
923 1544 1058 1585 multa
1083 1544 1188 1585 satis
1215 1547 1412 1586 accurate
1439 1560 1490 1586 ex
1515 1559 1672 1601 graeco

0 1622 14 1632 ’
85 1621 88 1623 ’
154 1617 280 1659 fonte
312 1631 516 1671 expressa
547 1629 640 1656 esse
673 1614 803 1655 etiam
834 1628 946 1655 nunc
978 1614 1263 1656 demonstrari
1294 1616 1444 1670 possit.

272 1815 354 1858 Sed
395 1815 508 1871 quod
547 1817 674 1857 antea
721 1814 772 1856 de
815 1814 990 1856 incertis
1032 1830 1159 1869 saepe
1200 1815 1370 1858 iudiciis
1412 1817 1673 1871 generaliter

155 1887 341 1929 definitis
373 1885 522 1928 monui
553 1885 818 1941 singularum
850 1899 993 1927 rerum
1020 1888 1219 1928 accurata
1238 1878 1460 1928 'enarratio
1487 1887 1524 1928 si
1550 1887 1674 1942 desit,

149 1972 237 2000 non
267 1958 408 1999 minus
439 1957 491 1998 de
522 1956 584 1998 eis
617 1955 940 2010 quaestionibus
972 1956 1106 2011 valet,
1151 1972 1260 2011 quae
1299 1957 1354 1999 ad
1390 1958 1487 2012 ipsa
1516 1961 1671 2012 poetae

150 2028 284 2071 verba
312 2028 550 2082 pertinent,
593 2041 701 2082 quae
733 2040 782 2068 eo
816 2027 1008 2068 cautiore
1039 2041 1170 2082 opera
1202 2029 1528 2082 pertractandae
1560 2032 1672 2084 sunt,

155 2113 261 2153 quo·
279 2098 496 2140 diffieilior
531 2097 577 2138 in
611 2097 694 2138 hac
730 2097 1004 2151 potissimum
1039 2097 1187 2140 fabula
1220 2100 1411 2140 omnium
1442 2100 1674 2155 corruptis·

157 2160 269 2210 sima
305 2171 423 2210 certa
461 2168 531 2210 vel
570 2167 807 2222 probabilis
848 2168 1001 2209 saltem
1042 2171 1268 2211 contextus
1309 2185 1436 2226 quem
1469 2185 1671 2213 vocamus

250 2284 307 2326 71)
334 2286 460 2327 καλὴν
486 2295 517 2318 κ.
538 2284 599 2317 ἀπ.
618 2285 700 2326 τὴν
719 2285 943 2328 πληεμονήν
962 2284 1071 2329 Flor.⁷
1090 2286 1187 2321 unde
1205 2286 1412 2322 Meinekius
1432 2287 1672 2334 ἀπολάψομεν

151 2342 310 2378 coniecit
341 2353 408 2387 pro
433 2343 704 2385 ἀπολαύεομεν;
741 2342 854 2378 ceteri
883 2342 971 2378 libri
1002 2346 1132 2379 καλῶς
1170 2357 1200 2379 κ.
1233 2346 1293 2380 ἀπ.
1325 2349 1405 2389 τῆ(
1434 2349 1671 2390 πληεμονῆε,

151 2402 249 2446 quod
274 2401 411 2437 retinui
436 2413 519 2436 cum
544 2401 656 2436 verbo
681 2402 934 2444 ἀπολαύωμεν
959 2403 1224 2446 (ἀπολαύεομαι
1249 2404 1348 2448 apud
1373 2403 1495 2450 ipsum
1521 2406 1671 2449 poetam

158 2460 279 2495 forma
303 2459 445 2503 fuerit);
472 2459 536 2494 sed
561 2461 672 2502 καλῆς
697 2460 890 2506 corrigere,
916 2472 1027 2505 quam
1053 2464 1173 2497 καλῶς
1198 2463 1388 2508 duplicare
1414 2463 1540 2498 malui.

248 2519 309 2562 72)
336 2518 572 2562 Postpartum
597 2529 680 2552 cum
707 2517 906 2564 Spengelio
931 2519 1182 2564 Mueller-oque
1207 2521 1232 2555 l.
1253 2533 1280 2556 s.
1301 2533 1328 2557 S.
1355 2534 1390 2566 p.
1406 2526 1474 2557 289
1500 2533 1566 2566 pro
1586 2525 1671 2566 post

154 2578 293 2621 factum
317 2576 480 2621 reposui3
506 2577 571 2611 sed
594 2577 634 2611 in
658 2578 779 2621 flector
803 2577 972 2612 codicum
998 2578 1182 2623 scriptura
1200 2589 1267 2613 nec
1285 2583 1402 2624 specto
1423 2579 1672 2625 (Spengelius)

152 2647 222 2670 nec
245 2639 357 2670 sector
382 2634 606 2679 (Muellerus)
633 2647 700 2670 nec
718 2637 857 2680 plector
883 2636 1107 2682 (Geppertus
1126 2649 1210 2673 cum
1230 2638 1334 2673 Italis
1360 2638 1405 2672 cf.
1420 2638 1443 2673 l.
1459 2651 1486 2672 s.
1501 2651 1526 2672 s.
1541 2641 1670 2683 p.109)

153 2693 270 2728 latere
294 2692 505 2739 videbatur,
542 2694 605 2729 sed
629 2695 718 2739 flebo
743 2695 853 2738 (sledo
873 2710 881 2729 ι
900 2696 1076 2742 flecto[r])
1103 2696 1232 2731 eodem
1258 2695 1436 2741 temporis
1462 2696 1578 2730 futuri
1601 2709 1672 2731 usu

154 2751 378 2796 adhibitum,
416 2763 526 2797 quem
562 2754 648 2798 post
680 2744 898 2788 Teuffelium
930 2754 1073 2789 Brixius
1110 2767 1227 2799 nuper
1265 2754 1477 2799 explanavit
1512 2755 1560 2789 ad
1590 2754 1668 2790 Mil.

155 2810 247 2855 glor.
274 2823 307 2846 v.
333 2814 412 2846 395.
