1904 3106
693 147 983 190 -81—

408 256 435 307 ξ
466 255 507 296 2.
566 253 639 296 Ι)0
670 254 939 297 codicibus
970 244 1269 306 Lang‘ianis.

197 335 376 380 Codices
419 336 630 393 Laugiani
680 337 828 392 quales
877 336 1039 378 fuerint
1086 335 1272 390 quidque
1322 333 1498 375 valeant
1546 331 1602 374 ad

78 408 207 459 κρίειν
244 407 490 450 Plautinam
526 423 624 450 cum
660 422 740 450 nec
778 406 1019 462 Geppertus
1056 406 1102 448 in
1141 405 1297 448 Casina
1333 403 1602 458 Epidicoque

78 493 217 534 neque
253 478 299 520 in
329 478 558 521 Aulularia
590 478 836 534 Wagnerus
867 477 1156 533 exposuerint,
1193 475 1390 531 quamvis
1423 477 1602 528 uterque

78 549 176 592 inde
202 552 458 604 apparatum
483 550 679 591 criticum
704 548 920 602 ditaverit,
945 548 1216 603 propositum
1241 546 1348 588 mihi
1373 548 1438 587 est
1457 545 1602 600 paullo

79 619 331 675 accuratim,
362 635 492 676 quam
512 620 649 662 adhuc
669 620 832 662 factum
864 633 957 661 esse
988 618 1125 673 video,
1155 618 1201 659 in
1233 631 1381 659 eorum
1411 615 1602 658 indolem

79 691 304 746 inquirere.
625 734 634 744 ¹

195 760 447 804 Contulerat
477 761 613 816 igitur
645 760 827 803 Carolus
858 760 1050 815 Langius
1089 757 1291 815 (Charles
1322 759 1373 801 de
1404 756 1602 814 Langhe)

77 832 271 888 priorum
309 833 407 874 octo
446 831 694 873 fabularum
725 834 813 873 tres
845 831 980 873 libros
1010 845 1142 872 manu
1174 830 1377 885 scriptos,
1421 844 1603 885 quorum

72 903 318 958 ‘scripturas
372 901 666 956 discrepantes
722 902 1007 957 publicandas
1057 901 1236 943 tradidit
1286 899 1602 956 Christophoro

78 973 297 1028 Plautino,
332 973 608 1028 typographo
645 973 963 1028 Antverpiensi.
1030 972 1270 1014 Adiunctae
1308 974 1410 1013 sunt
1445 971 1603 1013 Plauto

79 1058 192 1086 anno
215 1044 328 1086 1566
354 1044 616 1099 Antverpiae
642 1045 842 1100 evulgato
853 1042 916 1100 ¹4),
946 1043 1020 1085 ubi
1051 1043 1144 1098 ipse
1176 1042 1315 1084 editor
1343 1042 1451 1084 haec
1482 1057 1603 1097 prae-

79 1114 212 1156 fatur:
244 1113 410 1156 ‘deinde
441 1113 494 1155 D.
516 1113 697 1157 Carolus
722 1114 924 1170 Langius,
955 1114 1023 1155 vir
1053 1113 1211 1155 eximia
1240 1114 1404 1168 pietate
1436 1116 1480 1155 et
1510 1128 1603 1155 eru-

77 1184 241 1227 ditione
271 1187 509 1239 praestans,
540 1186 779 1228 liberaliter
809 1186 941 1227 etiam
973 1185 1040 1227 sui
1070 1184 1233 1238 Plauti,
1277 1185 1397 1226 cuius
1429 1185 1596 1240 priores

80 1255 322 1298 comoedias
342 1270 437 1297 cum
461 1257 600 1298 tribus
620 1257 926 1311 manuscriptis
951 1256 1170 1299 codicibus
1196 1256 1452 1310 contulerat,
1475 1255 1602 1298 nobis

80 1326 251 1381 copiam
289 1326 408 1380 fecit,
453 1330 502 1369 ut
542 1327 744 1383 quidquid
786 1342 837 1369 ex
878 1342 928 1370 eo
969 1328 1022 1369 ad
1062 1327 1176 1369 hunc
1218 1327 1519 1382 expoliendum
1560 1330 1604 1368 et

81 1395 283 1439 Sambuci
319 1397 528 1440 lectiones
565 1413 739 1441 suorum
776 1398 986 1440 librorum
1023 1398 1106 1440 fide
1138 1401 1182 1440 et
1212 1398 1471 1440 auctoritate
1503 1412 1604 1440 con-

81 1467 310 1510 firmandas
341 1468 534 1524 depromi
566 1472 725 1524 posset,
755 1470 943 1525 margini
973 1467 1342 1511 adscriberemus'.

198 1538 299 1581 Fuit
334 1543 478 1582 autem
510 1538 690 1582 Carolus
721 1540 912 1596 Langius
951 1555 1118 1582 summa
1155 1539 1269 1595 apud
1301 1539 1452 1582 doctos
1483 1539 1603 1582 illius

81 1609 288 1663 temporis
327 1610 583 1651 auctoritate
599 1607 669 1664 ¹⁵),
706 1612 755 1651 ut
794 1609 886 1651 fieri
923 1624 1013 1651 non
1048 1612 1198 1664 posset
1234 1609 1339 1664 quin
1376 1609 1603 1652 ‘lectiones

81 1677 351 1734 Laugianae'
371 1679 618 1721 criticorum
650 1680 798 1722 oculos
829 1680 1043 1736 insignem
1074 1681 1119 1722 in
1150 1680 1325 1722 modum
1356 1680 1402 1721 in
1434 1695 1479 1722 se
1504 1696 1601 1723 con-

82 1751 316 1804 verterent,
359 1750 477 1791 cuius
520 1749 583 1791 rei
626 1752 760 1792 testes
802 1750 975 1805 profero
1019 1749 1316 1805 Gulielmium,
1359 1749 1604 1805 Gruterum,
1639 1751 1644 1753 Α

83 1817 332 1875 Scioppium
341 1818 405 1876 ¹⁰),
414 1819 741 1863 Taubmannum
752 1818 814 1876 lT),
825 1820 1005 1863 Pareum
1015 1819 1078 1877 18).
1104 1820 1230 1879 Inter,
1241 1836 1314 1864 eos
1335 1822 1407 1876 qui
1426 1825 1603 1877 postero

184 1938 241 1982 14)
265 1936 399 1971 Editae
424 1938 511 1971 sunt
534 1937 602 1972 sub
627 1937 697 1972 hoc
718 1936 849 1972 titulo:
877 1936 1088 1972 ‘Variantes
1113 1937 1317 1982 scripturae
1342 1938 1456 1973 trium
1481 1950 1601 1974 exem—

83 1994 243 2039 plarium
269 1995 336 2030 Ms.
361 1995 400 2030 in
425 1996 512 2031 VIII
538 1995 748 2032 comoedias
771 1996 897 2031 Plauti
923 2006 966 2030 ex
990 1996 1054 2031 lib.
1080 1996 1150 2030 Dn.
1178 1995 1302 2031 Caroli
1326 1996 1496 2042 Langii'.

55 2088 61 2091 .
179 2054 239 2098 15)
264 2052 361 2096 Quid
385 2054 503 2090 Iustus
526 2054 675 2100 Lipsius
701 2055 746 2090 de
771 2065 815 2089 eo
841 2055 1006 2098 senserit,
1033 2066 1116 2090 011111
1140 2066 1186 2089 ex
1209 2054 1293 2090 aliis
1317 2055 1409 2090 locis
1434 2058 1603 2101 apparet,

83 2112 165 2146 tum
188 2122 234 2147 ex
257 2111 345 2147 libri
369 2113 403 2147 11
428 2113 665 2158 antiquarum
690 2113 893 2148 lectionum
917 2113 1041 2158 eapite
1066 2117 1105 2158 5,
1137 2113 1237 2158 quod
1266 2113 1322 2148 ita
1344 2113 1443 2148 finiri
1465 2114 1603 2149 voluit:

87 2165 306 2214 ‘Utriusque
340 2171 572 2206 coniecturae
612 2182 717 2206 meae
749 2170 842 2217 [Mil.
869 2171 919 2216 gl.
945 2184 980 2206 v.
1006 2175 1073 2206 595
1109 2173 1147 2206 et
1179 2171 1290 2207 Poen.
1315 2171 1349 2206 V
1374 2176 1414 2216 5,
1439 2176 1502 2216 57,
1539 2172 1605 2207 ubi

85 2229 172 2263 ante
191 2227 407 2274 Scioppium
429 2230 580 2265 multam
604 2229 838 2265 scribendum
858 2241 935 2264 esse
955 2229 1179 2277 coniecerat]
1205 2241 1290 2265 cum
1309 2232 1396 2266 ante
1414 2230 1604 2266 biennium

86 2285 293 2322 Carolum
316 2287 555 2333 Langium,
579 2288 700 2323 virum
724 2300 797 2333 quo
822 2288 918 2323 nihil
937 2288 992 2323 sol
1011 2288 1076 2322 1Πο
1095 2288 1242 2323 doctius
1260 2288 1357 2324 vidit
1375 2290 1441 2324 aut
1458 2289 1602 2330 melius,

86 2343 267 2379 arbitrum
290 2343 469 2388 fecissem,
495 2346 547 2382 sic
566 2338 648 2382 eam
668 2347 935 2392 comprobavit,
960 2349 1002 2381 ut
1019 2348 1278 2391 pronuntiaret
1295 2348 1429 2383 merito
1447 2348 1493 2383 iis
1510 2348 1603 2394 ipsis

84 2402 294 2448 imperitiae
319 2403 476 2438 multam
500 2404 641 2440 dictum
664 2405 729 2450 iri,
754 2405 818 2450 qui
840 2405 940 2440 istud
965 2405 1011 2440 de
1035 2406 1156 2441 multa
1180 2417 1253 2441 non
1277 2406 1507 2452 probarent'.

183 2464 239 2506 16)
253 2461 495 2499 Deartecrit.
509 2464 725 2508 (Amstelod.
739 2467 887 2508 a1662)
906 2477 942 2509 p.
959 2469 1018 2499 11:
1047 2464 1188 2500 ‘Caroli
1211 2465 1347 2511 Langii
1370 2465 1460 2501 fides
1485 2467 1524 2500 et
1547 2465 1603 2500 in-

86 2518 240 2564 tegritas
265 2530 410 2565 semper
434 2521 718 2566 memorabitur3
755 2522 831 2567 qui,
856 2523 956 2558 edito
982 2534 1050 2558 suo
1073 2523 1112 2558 in
1137 2522 1269 2558 Officia
1293 2522 1480 2559 Ciceronis
1506 2534 1603 2558 eom·

4 2612 10 2620 ,
86 2578 268 2613 mentatio
298 2578 408 2624 longe
440 2579 663 2624 doctissimo,
694 2580 852 2625 grandes
877 2581 924 2616 ab
950 2581 1051 2616 omni
1074 2582 1292 2627 posteritate
1317 2581 1458 2626 gratias
1483 2582 1603 2619 inivit.

0 2630 8 2662 3
88 2635 139 2670 Ut
167 2636 315 2671 interim
346 2637 534 2682 omittam,
570 2649 662 2682 quas
698 2639 812 2674 trium
843 2651 1022 2676 manuscr.
1053 2640 1178 2675 Plauti
1209 2639 1397 2675 variantes
1425 2640 1603 2677 lectiones

86 2694 279 2729 nobiscum
309 2695 610 2740 communicavit,
641 2697 774 2742 longe
804 2697 915 2733 illas
946 2698 1158 2743 optimas,
1190 2699 1441 2743 quibusque
1471 2699 1604 2735 multi

0 2751 21 2794 ’.ῑῖ
88 2751 351 2787 criticorum
381 2752 545 2788 famam
577 2764 699 2788 suam
723 2754 963 2791 clariorem
994 2758 1228 2801 acceptam
1258 2756 1376 2791 ferre
1402 2756 1602 2794 debent’.

0 2790 30 2846 Ξῑτ
87 2809 189 2846 Dicit
210 2810 251 2845 ni
273 2811 384 2847 fallor
408 2811 647 2847 Gulielmium
677 2813 859 2858 imprimis
889 2816 929 2849 et
959 2814 1172 2858 Gruterum;
1209 2815 1288 2859 ipse
1319 2813 1365 2848 iis
1390 2815 1603 2859 saepissime

8 2871 12 2878 ‘
149 2869 280 2904 codem
304 2869 432 2905 libello
463 2882 549 2906 usus
573 2874 640 2906 est.
692 2908 695 2910 ,

158 2933 307 2960 Analecta
325 2934 422 2962 Plout.
1300 2937 1320 2964 ὅ
