1904 3106
670 123 725 130 ...
787 99 844 141 53
908 121 962 127 .-

57 207 340 252 Phronesium
371 206 526 262 repetit
554 205 610 261 ΙΙ,
635 207 675 260 4,
693 206 740 248 4:

268 300 381 352 Quid
410 302 502 342 tam
531 297 756 343 infacetu’s
786 298 951 341 Lemno
984 297 1215 340 adveniens
1249 296 1326 353 qui
1354 299 1463 354 tuae-

266 371 368 415 Non
398 371 473 413 des
505 371 684 426 amicae,
715 369 966 424 Dffliarehe,
999 368 1196 410 savium?

55 468 131 511 ubi
170 466 285 523 quod
316 465 478 508 Lemno
522 465 797 520 potissimum
840 463 1097 506 adveniebat
1132 477 1223 504 non
1255 462 1431 505 maioris
1463 467 1578 506 certe

56 538 266 581 momenti
296 539 390 580 erat
420 537 474 580 ad
506 536 674 579 savium
706 535 869 578 amicae
900 533 1189 576 deferendum.

175 608 260 652 Illa
290 610 434 652 autem
465 607 685 650 Diniarchi
717 606 850 648 verba
880 606 954 661 qui
985 608 1187 647 secuntur
1217 619 1387 647 versus:

205 701 289 746 Sed
318 703 398 746 hec
429 702 583 758 quibus
615 701 768 743 melius
802 703 868 743 est
899 700 1163 755 Astaphium
1196 702 1261 741 est
1292 699 1493 742 ancillula

203 773 311 817 Cum
343 788 447 830 ergo
478 788 645 829 quoque
678 773 810 815 etiam
842 772 948 814 mihi
980 771 1064 814 fuit
1093 771 1390 814 commertium

54 869 102 911 in
144 869 206 911 eis
248 883 391 923 quam
432 882 544 923 erya
586 882 740 922 quoque
782 868 906 910 etiam
956 845 1101 909 veram
1145 881 1238 908 esse
1285 866 1576 909 coniecturam

55 938 255 995 Seyfferti
285 939 440 982 Philol.
471 941 500 982 t.
530 938 653 981 XXV
683 954 723 994 p.
754 939 840 981 465
872 954 960 980 non
992 941 1056 980 est
1088 938 1202 993 quod
1235 940 1334 992 post
1365 937 1574 980 Kiesslin-

55 1010 175 1066 gium
204 1011 233 1053 l.
263 1026 296 1053 s.
328 1025 360 1054 s.
391 1025 430 1065 p.
462 1011 548 1052 622
580 1024 795 1063 moneam3
831 1009 944 1051 idem
975 1024 1076 1051 vero
1110 1007 1344 1063 Seyffertus
1376 1009 1421 1050 in
1454 1008 1574 1051 Stud.

55 1080 195 1123 Plaut.
225 1096 267 1136 p.
296 1081 354 1123 26
374 1095 436 1136 sq.
467 1079 539 1136 (cf.
570 1079 725 1122 Philol.
755 1083 786 1122 t.
816 1079 960 1122 XXIX
997 1095 1036 1134 p.
1067 1080 1174 1134 4112)
1211 1079 1462 1121 doctissima
1494 1079 1576 1121 dis-

54 1151 278 1206 putatione
309 1151 449 1193 effecit
479 1165 649 1193 versum
682 1151 736 1193 76
768 1151 943 1206 nequire
975 1165 1071 1192 cum
1104 1149 1349 1207 Camerario
1382 1150 1444 1191 ita
1475 1165 1574 1192 con-

55 1221 200 1264 stitui:

203 1291 287 1335 Sed
317 1293 423 1335 haec
454 1293 550 1348 quis
582 1293 735 1335 mulier
766 1292 858 1335 est?
890 1292 1153 1348 Astaphium
1185 1291 1454 1347 ancillulast‚

54 1396 292 1444 pronomen
322 1387 708 1430 demonstrativum
739 1402 833 1430 cum
866 1387 1068 1442 subiungi
1093 1401 1181 1430 non
1206 1387 1411 1442 anteponi
1436 1387 1574 1429 soleat
1636 1415 1651 1431 0

54 1459 380 1514 interrogativo.
439 1457 522 1500 Sed
554 1457 667 1512 quod
698 1457 789 1512 ipse
821 1457 976 1500 suasit:

204 1552 287 1596 Sed
317 1552 423 1594 haec
454 1552 626 1607 quidem
658 1552 747 1593 eius
781 1553 847 1593 est
878 1551 1139 1607 Astaphium
1171 1554 1386 1609 ancillula,

54 1647 125 1689 vix
162 1647 258 1689 loco
289 1647 489 1689 convenit
519 1647 817 1702 quaestionem
848 1647 1061 1689 removeri
1092 1662 1177 1702 qua
1208 1647 1467 1691 Diniarchus
1499 1650 1572 1691 ab·

53 1732 257 1772 rumpens
297 1717 543 1760 incohatam
583 1717 878 1760 narrationem
918 1718 972 1759 ad
1012 1718 1316 1772 procedentem
1347 1719 1572 1761 mulierem

54 1787 246 1830 animum
276 1788 436 1843 dirigit.
488 1788 598 1830 Eius
628 1803 727 1830 vero
759 1788 826 1830 vel
856 1788 946 1829 tale
976 1787 1092 1843 quid,
1122 1802 1204 1842 quo
1237 1788 1382 1830 cuius
1415 1790 1573 1832 ancilla

53 1857 315 1912 Astaphium
359 1859 416 1900 sit
457 1858 681 1913 indicetur,
724 1861 952 1914 propterea
993 1872 1081 1900 non
1124 1859 1368 1915 requiritur,
1411 1862 1460 1901 ut
1496 1860 1571 1902 ille

53 1927 210 1983 voluit,
247 1929 349 1984 quia
387 1931 431 1970 et
467 1944 518 1971 ex
555 1930 616 1971 eis
654 1944 761 1985 quae
793 1932 994 1972 secuntur
1024 1930 1176 1972 statim
1206 1930 1289 1972 hoe
1320 1933 1498 1985 apparet
1529 1934 1571 1972 et

54 1997 153 2040 inde
195 1999 342 2055 colligi
384 2002 571 2055 poterat,
620 2001 733 2054 quod
781 2016 832 2042 ex
874 2000 1101 2042 Phronesii
1149 2000 1419 2043 habitatione
1467 2004 1571 2043 nota

54 2069 368 2123 spectatoribus
398 2070 445 2111 in
476 2085 674 2112 scaenam
704 2071 860 2126 prodit.
911 2071 1004 2112 Iam
1029 2071 1097 2113 hec
1114 2071 1308 2126 qui(bu)s
1338 2085 1436 2113 cum
1466 2071 1570 2113 ferri

53 2153 143 2181 non
165 2139 304 2194 possit
328 2140 476 2183 eadem
501 2141 667 2183 ratione
692 2143 836 2196 ecquis
860 2142 1149 2197 restituemus,
1175 2157 1259 2196 qua
1283 2141 1396 2183 idem
1417 2142 1571 2184 vitium

54 2210 99 2250 et
127 2223 165 2251 v.
194 2208 257 2264 II,
290 2211 328 2264 7,
358 2211 414 2253 29
454 2214 497 2254 et
535 2213 745 2254 sexcentis
777 2212 880 2255 locis
913 2214 1075 2254 sartum
1107 2214 1190 2268 est,
1232 2227 1312 2268 pro
1343 2212 1496 2266 melms
1515 2213 1572 2266 eft

54 2281 197 2322 autem
233 2295 321 2322 non
356 2281 478 2323 video
510 2282 664 2324 melius
696 2283 797 2338 quid
828 2284 1140 2326 substituamus
1155 2282 1207 2340 ⁹⁸)
1239 2299 1369 2339 quam
1399 2282 1569 2341 (eequis)

52 2454 132 2489 aemd
163 2454 203 2490 V.
230 2455 311 2498 74f.
338 2455 477 2491 beweist
500 2467 535 2492 es
559 2457 740 2493 deutlich?
793 2458 872 2501 Quo
904 2458 1025 2494 minus
1050 2460 1160 2495 antea
1186 2459 1385 2495 dicendum
1411 2460 1446 2495 ei
1471 2462 1567 2496 erat:

56 2511 120 2548 ‘V.
147 2514 231 2556 74f.
263 2514 443 2549 enthalten
475 2517 634 2560 qerade
657 2517 736 2551 das
761 2517 1018 2562 Geyentheil
1046 2530 1118 2554 von
1147 2520 1224 2554 dem
1254 2531 1330 2554 was
1359 2531 1445 2554 man
1475 2521 1568 2554 nach

0 2618 5 2623 1
53 2571 132 2606 dem
157 2571 526 2617 Vorausyeyanqenen
549 2578 724 2610 erwarten
748 2576 904 2611 musste.’
958 2576 1055 2611 Nam
1081 2577 1221 2613 Lemno
1243 2578 1351 2613 illum
1376 2578 1567 2612 advenisse

0 2635 2 2639 '
54 2628 118 2673 qui
145 2629 281 2674 ‘ipsum
307 2631 545 2667 contrarium’
574 2644 652 2669 esse
677 2634 796 2679 possit
819 2634 1105 2671 meditationum
1128 2636 1284 2671 istarum
1302 2637 1364 2671 vix
1383 2636 1566 2680 expedias.

0 2681 2 2687 ’
148 2690 207 2733 98)
234 2688 335 2724 Idem
354 2691 478 2727 neseio
502 2703 550 2726 an
574 2693 643 2736 ΙΙΙ,
671 2698 702 2737 1,
729 2696 772 2728 18
797 2694 1049 2738 reponendum
1075 2695 1132 2729 sit.
1184 2695 1271 2730 Pro:

294 2760 408 2796 Tatec
432 2761 496 2806 qui
520 2761 551 2796 si
574 2762 679 2797 nulla
704 2764 761 2798 cst
784 2764 814 2799 87,
838 2764 919 2809 quis
946 2765 1066 2810 aperit
1092 2765 1162 2800 hoc
1189 2765 1324 2800 ostium

0 2827 6 2866 i
55 2827 271 2875 Spengelius
295 2831 455 2876 scripsit:
493 2832 545 2866 At
569 2833 687 2878 ecquis
711 2833 854 2869 iniust?
880 2835 999 2879 eequis
1024 2836 1142 2879 aperit
1166 2834 1324 2870 ostium?
1368 2835 1567 2872 Muellerus
