1904 3106
905 93 1229 135 —106—

303 194 406 238 Alia
443 196 597 238 lacuna
637 196 762 252 Epid.
794 197 833 239 V
869 200 910 254 1,
942 199 998 241 33
1020 213 1110 255 sqq.
1149 199 1376 244 statuenda
1408 215 1500 244 esse
1531 201 1716 259 videtur,
1759 203 1831 259 qui

304 266 412 308 tales
446 270 546 309 sunt
575 268 620 310 in
652 268 742 311 BJ:

362 361 560 405 Iunulam
600 361 818 419 (Innulam
856 363 904 420 J)
944 368 1071 420 atque
1111 366 1299 408 anellum
1338 366 1556 409 aureolum
1600 368 1829 425 indigitum

870 433 1073 492 (indigito
1083 436 1143 492 J).
1175 435 1405 479 MVLIER
1423 438 1601 481 memini
1618 438 1679 482 mi
1698 439 1830 484 homo

875 506 1014 563 (mihc‘)
1043 507 1073 550 J
1075 506 1092 564 )

362 575 588 619 SERVVS
619 577 738 620 Non
745 577 868 633 (num
893 578 940 634 J)
966 580 1201 621 meministi
1227 595 1295 622 me
1328 595 1502 623 auream
1533 582 1632 624 adte
1663 576 1830 626 adferre

872 647 1036 698 (afferri
1067 649 1115 707 J)
1146 651 1282 693 natali
1314 651 1412 694 die?

361 728 588 774 MVLIER
618 730 684 773 Tu
709 746 763 774 ne
790 732 828 775 is
854 733 930 775 es?
979 723 1090 776 SER
1126 747 1207 789 ego
1246 749 1339 776 sum
1371 735 1401 776 &
1432 734 1530 778 istic
1565 735 1702 779 frater
1730 739 1831 780 tuus

871 807 937 846 est
975 804 1060 847 alia
1102 806 1241 847 matre
1291 802 1600 861 (inaliamatre'
1633 805 1695 864 B)
1744 820 1830 851 uno

870 878 1004 930 patre.

360 944 587 988 MVLIER
620 946 760 996 Quid?
791 949 914 1001 pater
946 961 1064 989 meus
1096 948 1243 990 uiuust
1272 948 1418 1004 (uiuus
1450 952 1517 991 est
1547 947 1596 1007 J)
1629 965 1664 992 e.
1695 965 1735 1006 q.
1767 966 1800 993 s.
1841 982 1843 984 -

303 1028 434 1070 Errat
466 1027 707 1083 Geppertus
741 1043 837 1071 eum
870 1029 1051 1072 adnotat
1081 1044 1251 1073 versum
1283 1030 1384 1074 ‘non
1417 1032 1665 1075 meministi’
1697 1048 1732 1075 e.
1743 1048 1783 1089 q.
1797 1049 1830 1076 s.

303 1098 347 1141 in
374 1099 412 1141 A
438 1099 506 1141 bis
540 1103 708 1142 exstare
741 1100 954 1142 similibus
986 1101 1188 1157 deceptus
1219 1102 1354 1145 initiis
1387 1118 1587 1146 versuum
1618 1103 1675 1146 32
1698 1105 1742 1146 et
1759 1104 1829 1147 33.

302 1169 407 1226 Legi
438 1172 583 1212 autem
614 1173 817 1226 poterant
847 1171 972 1214 haec:

1024 1245 1629 1270 ἳέἓῗέῗῖἳῗῗῖῗῖἳῖῖῖ
1684 1246 1723 1270 ἳῖ

300 1289 1732 1323 NONMEMINISTIMEAUREAMADTEAm·ERRENATALIDIE

311 1367 322 1385 1

303 1408 689 1450 LUNULAMATQ·
706 1390 1828 1467 ANELLUMAUREOLUMINDIGITIJMssssMFJMJNI

1218 1484 1262 1508 :121
1288 1485 1300 1507 ?
1326 1485 1338 1507 .⁹
1369 1483 1415 1508 2?

1212 1529 1427 1561 ΜΙΚΟΜΟ

299 1629 1774 1690 TUNEISESssss133GOETISTMJFRATERQUITIPMERCATUSTUUS

298 1789 362 1824 sed
387 1788 520 1824 falsam
552 1799 633 1824 esse
665 1789 760 1825 hano
786 1780 1035 1825 coniecturam
1060 1802 1134 1826 non
1160 1791 1215 1825 est
1241 1789 1340 1835 quod
1365 1790 1452 1835 post
1476 1787 1697 1836 Muellerum
1723 1787 1827 1824 Pros.

297 1848 418 1884 Plaut.
446 1861 482 1894 p.
509 1852 575 1884 577
602 1848 685 1883 adn.
713 1860 895 1885 moneam.
948 1848 1053 1892 Quod
1077 1849 1177 1884 idem
1203 1848 1337 1884 suasit:
1430 1878 1442 1885 ,

511 1907 736 1943 Fabulata's.
799 1908 922 1944 PHIL.
961 1904 1011 1944 At
1041 1910 1082 1944 tu
1113 1908 1207 1944 mira
1237 1909 1429 1944 memoras.
1490 1906 1597 1942 PER.
1623 1906 1703 1951 Em,
1728 1905 1824 1942 istuc

1437 1966 1572 2003 reefius

297 2027 395 2063 stare
423 2039 495 2065 non
522 2030 647 2075 potest
672 2031 824 2074 propter
851 2027 1087 2064 Ambrosiani
1112 2027 1334 2064 memoriam
1359 2026 1472 2062 hauc:

789 2092 800 2114 ’ἒ
822 2093 833 2114 't

727 2128 738 2150 P
759 2128 771 2151 Ρ
785 2131 832 2150 Es

512 2152 1268 2187 FABULATAsuMIRAMEMORAS.L
1282 2178 1393 2186 ......
1404 2155 1827 2184 EMISTUCBECTIUS
1902 2180 1904 2182 .

298 2242 396 2277 unde
422 2244 580 2287 apparet
604 2243 679 2278 tale
708 2242 767 2277 vel
791 2241 911 2277 simile
937 2241 1026 2286 quid
1052 2241 1145 2281 oh'm
1169 2240 1367 2276 exstitisse*

511 2301 737 2337 Fitbulata's.
788 2300 913 2336 PHIL.
940 2301 1036 2335 Mira
1060 2310 1252 2336 memoras.
1303 2298 1409 2334 PER.
1437 2297 1534 2340 Quid
1558 2295 1720 2347 faciam?
1757 2295 1827 2331 Em

1434 2356 1531 2392 istuc
1555 2355 1723 2391 rectinet.

303 2407 526 2452 Sequentem
553 2418 710 2451 versum,
737 2418 847 2452 quem
873 2407 928 2442 ita.
952 2407 1102 2452 supplet
1125 2405 1341 2442 Muellerus:

512 2465 740 2502 Meministin
766 2476 825 2501 me
853 2466 905 2512 [te
925 2465 1082 2501 novisse.
1126 2458 1253 2500 PHIL.
1282 2455 1394 2510 Ubi?]
1433 2461 1539 2498 PER.
1566 2456 1607 2498 in
1625 2459 1825 2506 Epidauro.
1884 2500 1887 2501 ⁷

1435 2519 1560 2556 PHIL.
1592 2519 1651 2554 Ah
1675 2517 1826 2564 gattma
1851 2532 1857 2537 -

299 2574 331 2608 A
356 2572 412 2609 sta
437 2572 604 2609 exhlbeffi
843 2574 993 2633 ermini
1025 2608 1090 2632 w?
1293 2605 1356 2636 ιίκ)

511 2644 766 2672 MEMlms'rm
771 2629 793 2675 it
802 2627 983 2668 ΜΕΜΙΝΙα
992 2641 1123 2674 QUID.
1241 2637 1549 2682 ΝἸῙΠΕΡΨΑΠΒΟ

992 2687 1248 2715 KAGUTTULA

303 2739 412 2775 quem
438 2727 554 2764 talem
577 2725 692 2762 fuisse
718 2724 874 2760 conieci·

513 2783 766 2823 Meministin?
815 2782 938 2820 PHIL
965 2781 1128 2818 Memini.
1172 2779 1276 2815 PER.
1304 2778 1401 2822 Quid
1425 2775 1651 2814 meministi?
1675 2772 1718 2813 iu
1736 2775 1823 2822 Epi-

1126 2839 1267 2876 dauro
1294 2859 1339 2865 —
1387 2837 1598 2875 PH1L.Ah
1622 2835 1773 2885 guttula

1896 2245 1904 2339 ἑ
