1904 3106
879 78 1169 120 —40-

257 197 350 224 esse
389 198 414 224 a
447 181 637 225 Calliclis
676 183 768 226 filia
804 186 956 226 natum
995 199 1047 226 ex
1085 184 1377 227 Romanorum
1414 201 1532 229 more
1569 188 1661 230 fieri
1697 204 1787 232 non

257 254 417 308 potuit,
461 255 565 309 quin
604 255 658 296 ad
696 258 1000 310 argumentum
1031 257 1184 298 melius
1216 257 1552 314 intellegendum
1584 273 1660 314 per
1689 275 1786 315 pro-

255 325 406 380 logum
448 339 545 367 cum
586 327 899 381 spectatoribus
942 328 1348 384 communicaretur,
1391 329 1505 385 quod
1543 332 1658 372 recte
1698 331 1786 375 iam

257 396 465 439 Dziatzko
497 398 716 452 perspexit
732 396 795 454 ⁷4).

376 468 556 511 Accedit
593 469 706 524 quod
744 471 845 511 ante
882 470 996 512 hunc
1029 484 1200 512 versum
1236 471 1288 513 18
1322 470 1550 514 manifesta
1581 471 1626 513 ni
1658 471 1789 515 fallor

258 539 534 594 interpolatio
567 539 910 594 deprehenditur.
960 540 1168 583 Versibus
1195 541 1306 582 enim
1335 542 1505 584 13-17
1533 557 1642 597 quae
1673 542 1788 585 inest

258 610 497 665 loquacitas
531 611 614 652 etsi
647 611 823 654 omnino
857 612 998 654 aliena
1028 627 1118 654 non
1150 614 1272 654 est‘a
1302 613 1494 669 prologis
1527 612 1788 666 ‘Plautinis'‚

258 685 405 724 tamen
437 682 544 724 talia
577 682 651 737 qui
684 683 875 737 scripsit:

437 776 556 818 Haec
586 777 713 819 huius
746 778 876 820 saecli
907 779 1049 820 mores
1081 778 1126 819 in
1158 793 1202 820 se
1234 778 1451 838 possidet:—

436 847 685 903 Numquam
718 849 772 890 ab
805 851 997 891 amatore
1028 850 1220 904 postulat
1251 850 1294 892 id
1325 850 1439 905 quod
1471 850 1673 906 datumst,

332 930 374 961 15
438 919 520 961 Sed
551 920 761 962 relicuom
794 920 868 962 dat
900 922 1092 976 operam,
1124 937 1177 964 ne
1210 923 1267 964 sit
1297 922 1514 976 relicuom,

259 1028 358 1056 eum
396 1014 585 1056 studium
625 1015 843 1070 quoddam
881 1030 958 1058 nec
996 1016 1273 1058 invenustum
1305 1016 1563 1071 impendisse
1595 1017 1789 1073 collucet,

259 1088 307 1127 ut
344 1088 467 1128 acute
507 1088 741 1142 arguteque
781 1087 1040 1129 sententiam
1080 1087 1391 1142 distingueret,
1425 1087 1605 1130 eundem
1636 1089 1706 1130 vix
1737 1091 1787 1131 ut

260 1157 442 1212 cogitari
473 1158 614 1211 possit
645 1158 750 1200 haec
781 1173 891 1213 quae
924 1159 1115 1201 admovit
1147 1159 1335 1201 orationi
1367 1159 1531 1201 lumina
1561 1158 1788 1202 confestim

261 1229 516 1270 exstinxisse
550 1229 834 1284 superinfusis
867 1217 1107 1272 versiEulis:

378 1323 599 1366 Poscendo
633 1326 760 1379 atque
793 1323 1037 1379 auferendo,
1069 1327 1117 1366 ut
1149 1339 1242 1366 mos
1274 1327 1340 1366 est
1372 1325 1616 1382 miilierum3

378 1394 492 1437 Nam
525 1394 664 1437 omnis
696 1395 740 1436 id
771 1395 935 1437 faciunt
967 1396 1098 1450 quom
1130 1410 1175 1437 se
1207 1396 1342 1437 amari
1373 1395 1640 1452 intellegunt.

260 1489 348 1531 Ubi
381 1492 424 1532 et
450 1490 679 1545 ‘poscendo
713 1493 842 1545 atque
875 1489 1122 1533 auferendo'
1144 1490 1297 1532 misere
1330 1490 1543 1533 claudicat
1574 1494 1617 1534 et
1648 1494 1791 1535 cetera

260 1561 562 1603 molestissime
595 1561 863 1616 amplificant
893 1561 1006 1616 quod
1037 1575 1163 1602 versu
1193 1561 1279 1602 iam
1315 1561 1368 1602 13
1401 1562 1656 1604 continetur.
1704 1562 1788 1606 Ne-

261 1647 342 1687 que
374 1635 519 1675 tamen
548 1633 617 1675 his
649 1633 753 1688 ipsis
786 1632 1008 1675 versiculis
1041 1633 1264 1687 expulsam
1297 1647 1389 1674 esse
1419 1635 1525 1687 puto
1556 1633 1789 1688 pristinam

261 1704 505 1759 argumenti
537 1704 867 1758 enarrationem,
899 1718 996 1745 cum
1028 1703 1166 1745 multo
1198 1704 1324 1758 plura
1349 1703 1616 1746 intercidisse
1645 1718 1789 1747 neces-

262 1775 376 1817 sario
412 1774 666 1816 sumendum
700 1775 769 1816 sit.

381 1845 505 1888 Alios
538 1860 686 1888 versus
718 1844 776 1900 (5.
812 1846 866 1888 10
886 1844 968 1902 sq.)
998 1844 1206 1888 Dziatzko
1238 1846 1264 1888 l.
1297 1861 1329 1889 s.
1361 1861 1393 1887 s.
1424 1861 1466 1901 p.
1485 1846 1543 1888 60
1573 1846 1621 1887 in
1652 1846 1789 1901 suspi-

262 1918 428 1959 cionem
454 1917 637 1959 vocavit.
686 1916 751 1958 Ac
776 1916 827 1958 de
846 1931 972 1959 versu
996 1917 1050 1958 10
1069 1916 1275 1959 iudicium
1302 1931 1398 1959 cum
1426 1917 1512 1959 alia
1536 1917 1789 1972 quaestione

262 1989 482 2043 cohaeret,
521 2003 650 2042 quam
687 1990 841 2042 postea
871 1987 1172 2042 tractabimus,
1210 2002 1381 2029 versum
1417 1989 1466 2030 11
1502 1990 1647 2030 autem
1678 1987 1790 2043 quod

261 2062 305 2101 et
337 2052 391 2101 ob
417 2058 576 2114 leporis
601 2059 847 2100 fatuitatem
874 2060 1121 2113 suspectum
1146 2059 1287 2100 reddit
1312 2061 1356 2100 et
1381 2059 1435 2100 ob
1464 2059 1790 2102 similitudinem

261 2129 374 2172 Men.
406 2130 514 2184 prol.
547 2145 583 2171 v.
613 2131 667 2172 72
688 2145 749 2185 sq.
766 2128 817 2186 ⁷⁵)
826 2163 837 2184 ,
881 2129 962 2171 hae
993 2145 1096 2172 num
1128 2130 1346 2172 sufficiant
1377 2129 1567 2172 rationes
1598 2130 1698 2172 inde
1729 2129 1790 2172 di-

262 2199 538 2242 iudicandum
571 2201 663 2255 erit,
695 2203 839 2242 utrum
871 2200 1014 2242 Plauti
1047 2201 1104 2243 sit
1134 2200 1205 2243 hic
1237 2201 1444 2256 prologus
1474 2215 1619 2243 necne.
1673 2199 1788 2243 Nam

262 2272 308 2313 in
334 2271 529 2326 prologis
556 2271 705 2326 quales
732 2285 782 2312 ex
807 2270 1069 2313 histrionum
1102 2271 1277 2314 officina
1307 2271 1667 2327 procudebantur,
1699 2285 1788 2313 eas-

359 2413 417 2456 74)
446 2410 547 2453 Quae
573 2423 657 2447 cum
682 2412 737 2447 ita
763 2411 839 2447 sint
863 2423 1066 2457 pronomen
1091 2411 1130 2446 in
1155 2423 1188 2446 v.
1211 2414 1254 2446 18
1280 2410 1463 2456 principio
1488 2410 1613 2446 nescio
1638 2422 1686 2446 an
1710 2422 1787 2447 cor—

262 2472 413 2516 ruptum
439 2470 498 2514 sit,
524 2470 613 2505 olim
638 2473 681 2506 ut
707 2472 772 2506 aut
790 2472 823 2507 ei
842 2470 1038 2515 exstiterit,
1063 2470 1093 2506 si
1114 2471 1159 2505 de
1179 2470 1299 2506 milite
1318 2470 1487 2516 proxima
1505 2470 1626 2505 fuerat
1643 2469 1788 2505 notat-io

263 2532 330 2566 aut
359 2541 456 2573 eum,
493 2530 523 2564 si
555 2530 603 2564 ad
636 2529 742 2574 pueri
768 2529 1061 2575 suppositionem
1087 2530 1334 2574 spectaverat-3
1379 2530 1423 2564 cf.
1450 2529 1483 2573 I,
1510 2533 1547 2574 1,
1575 2532 1619 2564 70
1639 2539 1705 2574 sq.,
1743 2527 1788 2564 de

263 2591 397 2635 quibus
421 2590 555 2636 postea
580 2588 734 2624 dicetur.

361 2649 418 2691 75)
447 2648 677 2693 ‘Tantisper‚
703 2647 791 2682 dum
818 2646 1056 2692 transigimus
1081 2646 1178 2682 hanc
1203 2646 1449 2682 comoediam'
1478 2658 1527 2681 sc.
1552 2645 1706 2682 Athenis
1731 2647 1789 2682 est

264 2708 303 2742 in
330 2707 556 2743 Truculento
582 2706 851 2752 proscaenium,
878 2706 974 2741 sicut
991 2706 1030 2740 in
1050 2705 1302 2741 Menaechmis
1325 2705 1441 2740 ‘Haec
1459 2705 1546 2740 urbs
1558 2705 1787 2750 Epidamnus

265 2768 340 2810 est,
371 2766 459 2800 dum
492 2766 584 2801 haec
610 2764 734 2810 agitur
760 2764 902 2810 fabula,
941 2765 1095 2807 Quando
1122 2764 1196 2800 alia
1221 2766 1352 2811 agetur
1377 2764 1479 2800 aliud
1503 2764 1568 2799 fiet
1591 2762 1786 2809 oppidum'

266 2824 310 2860 cf.
338 2823 481 2869 Liebig.
510 2824 554 2859 dc
581 2824 673 2869 prol.
699 2836 734 2869 p.
762 2828 817 2858 39.
