1904 3106
664 106 997 148 -51-⁴

50 226 199 254 verum
229 212 359 254 etiam
398 226 544 254 versus
581 211 654 266 qui
689 212 805 254 hunc
842 224 1048 252 conexum
1086 209 1346 251 conturbant
1382 209 1427 250 in
1466 208 1572 263 ipsis

51 282 267 325 codicibus
302 285 392 325 tam
428 296 630 338 perverso
668 281 817 324 ordine
853 280 1005 335 inseri,
1047 282 1095 322 ut
1135 279 1202 322 vel
1246 279 1344 321 inde
1383 279 1573 335 suspicio

51 356 260 410 augeatur
290 368 342 396 ex
373 353 567 409 margine
598 367 672 395 eos
703 352 892 394 adscitos
924 365 1034 393 esse:
1072 350 1158 391 iam
1195 350 1263 392 vel
1301 364 1398 392 eum
1430 353 1572 392 mente

51 426 222 478 captum
247 438 341 469 esse
360 423 577 479 concedes,
596 423 669 479 qui
693 422 745 464 de
770 421 996 464 histrionis
1022 421 1240 464 cuiusdam
1267 421 1574 476 additamento,

50 497 139 535 11011
168 493 219 536 (10
251 509 369 536 mera
399 494 639 549 miseraque
670 493 1006 549 interpolatione
1038 493 1219 548 cogitet!

168 563 295 606 Tales
333 567 478 607 autem
519 564 694 607 omnino
712 579 716 583 ·
737 564 783 605 in
826 563 909 606 hac
954 578 1109 605 scaena
1151 562 1508 618 interpolationes
1519 562 1573 620 ⁹³)

49 633 191 676 10011111
221 633 381 677 habere
412 635 479 678 vel
511 636 573 678 eis
605 635 679 691 qui
710 638 937 678 occaecato
968 634 1057 676 fere
1084 634 1226 676 studio
1252 634 1419 677 codices
1452 649 1573 677 vene·

48 707 200 747 rantur
215 706 504 763 'persuadebit
534 721 683 749 versus
712 706 746 758 I,
775 707 811 761 1,
830 707 906 749 60:

261 789 567 832 Phronesium:
598 804 700 831 nam
731 789 957 844 phronesis
989 792 1056 831 est
1087 787 1375 844 sapientiam).

49 880 133 924 Sed
168 882 253 924 nisi
289 883 461 938 egregie
501 883 630 926 fallor
671 884 827 926 mirum
870 884 953 926 hoc
995 884 1090 926 loco
1134 884 1309 935 accidit,
1352 886 1401 925 ut
1444 884 1573 926 inter·

47 955 364 1007 pretamentum
396 955 708 1010 superinditum
740 956 798 997 sit
825 980 875 984 —
904 955 1243 1010 interpolationi.
1292 954 1344 996 In
1375 969 1425 997 eo
1457 955 1571 997 enim

48 1023 163 1066 facio
194 1039 292 1066 cum
322 1023 585 1090 Daiatzkone
617 1026 646 1069 l.
677 1041 709 1069 s.
741 1041 773 1069 s.
803 1041 844 1081 p.
870 1027 925 1068 57
958 1028 1060 1080 post
1090 1026 1240 1068 verba:

197 1130 242 1161 55
261 1119 485 1162 Postremo
518 1121 563 1162 in
594 1135 752 1176 magno
783 1121 943 1176 populo
975 1121 1019 1162 in
1050 1121 1197 1162 multis
1228 1120 1476 1162 hominibus

260 1190 324 1232 Re
354 1191 527 1246 placida
557 1195 687 1247 atque
719 1192 861 1234 otiosa
896 1191 1020 1233 victis
1050 1191 1250 1233 hostibus

260 1260 419 1304 Amare
451 1266 622 1318 oportet
653 1265 803 1306 611111οε
834 1263 908 1317 qui
938 1261 1052 1318 quod
1082 1262 1379 1304 dent-habent

47 1369 136 1396 11011
166 1369 294 1410 posse
326 1371 403 1412 per
431 1371 532 1399 nam
562 1358 819 1413 particulam
852 1357 1044 1400 adnecti:

259 1449 374 1493 Nam
397 1450 507 1494 m1‘hi
531 1452 637 1495 haec
661 1453 866 1494 meretrix
891 1467 1000 1507 quae
1029 1450 1100 1494 hie
1130 1451 1263 1494 habet
1286 1451 1571 1495 Phronesium

261 1520 393 1564 Suom
423 1525 578 1566 nomen
610 1538 735 1566 omne
766 1538 817 1566 ex
847 1525 1021 1578 pectore
1053 1522 1242 1565 exmovit
1273 1538 1380 1565 meo.

49 1613 173 1663 Quod
210 1616 324 1658 enim
356 1615 611 1672 Spengelius
643 1617 1013 1660 Plautinissimum
1045 1632 1137 1659 esse
1167 1618 1273 1660 dicit
1302 1618 1569 1673 cogitatione

143 1770 204 1812 93)
228 1767 316 1803 Eius
341 1779 453 1813 quam
471 1768 581 1804 modo
601 1769 797 1814 explanavi
822 1769 1122 1814 interpolationis
1146 1769 1330 1815 insignem
1356 1770 1569 1806 similitudi-

47 1836 134 1860 nem
158 1826 274 1862 habet
297 1828 397 1872 quod
423 1827 528 1873 Capt.
548 1828 575 1871 I,
597 1832 615 1862 1
642 1829 728 1872 post
752 1840 787 1862 v.
807 1831 854 1862 24
879 1827 944 1872 qui
968 1828 1179 1863 inseruntur
1202 1828 1241 1863 in
1267 1829 1372 1864 libris
1396 1830 1570 1865 versiculi

48 1895 123 1920 11011
147 1885 301 1921 dubium
325 1888 383 1921 est
406 1886 495 1931 quin
520 1886 731 1932 explicandi
756 1897 869 1921 causa
886 1907 934 1912 -—
953 1898 998 1921 ex
1015 1887 1171 1932 prologo
1191 1877 1347 1923 fortasse
1368 1909 1411 1914 —
1432 1888 1568 1924 adiecti

48 1943 124 1979 siut
148 1944 209 1989 (cf.
234 1945 379 1981 Brixius
405 1946 429 1982 1.
453 1945 503 1989 1.).
552 1946 607 1980 De
638 1946 744 1981 hiatu
773 1945 812 1980 in
838 1945 1055 1981 Truculenti
1085 1958 1191 1982 versu
1221 1947 1447 1992 interpolato
1478 1948 1568 1983 item

47 2004 92 2038 ut
113 2002 152 2037 in
177 2014 221 2038 eo
246 2015 357 2048 quem
381 2015 467 2039 mox
490 2004 732 2039 tractabimus
754 2003 855 2040 Nam
879 2005 970 2039 mihi
993 2005 1080 2040 haec
1103 2007 1275 2042 meretrix
1304 2017 1386 2041 raro
1411 2006 1568 2042 fortasse

49 2062 219 2107 exemplo
243 2073 327 2097 cum
352 2062 539 2108 Gepperto
565 2063 743 2099 facientes
769 2063 935 2099 dicamus
960 2064 1050 2099 licet
1074 2065 1251 2100 sollemne
1282 2065 1375 2100 illud
1409 2066 1567 2101 ‘hiatum

49 2130 122 2154 non
147 2120 335 2162 sollicito'.
385 2122 424 2157 Si
447 2124 574 2158 tamen
605 2123 848 2159 removendus
880 2125 953 2167 est,
978 2125 1138 2169 puerulo
1164 2123 1391 2169 scripserim,
1422 2125 1467 2159 de
1493 2137 1567 2170 quo

48 2178 124 2214 iam
162 2179 381 2226 Spengelius
418 2181 607 2228 cogitavit.
663 2182 902 2218 Deminutivo
939 2183 1102 2228 reposito
1146 2183 1260 2219 etiam
1296 2183 1430 2218 Bacch.
1462 2196 1496 2219 v.
1523 2189 1567 2218 65

48 2237 316 2275 restituendus:

97 2295 194 2339 Quid
219 2297 267 2332 ab
290 2298 361 2334 hac
385 2299 546 2335 metuis?
585 2300 681 2342 Quid
706 2311 775 2346 ego
800 2303 965 2336 metuam
990 2301 1154 2346 rogitas?
1179 2301 1395 2336 adulescens
1420 2302 1543 2346 homo,

0 2389 4 2396 .
49 2364 113 2400 ubi
137 2377 220 2400 cum
250 2366 353 2402 homo
377 2368 584 2404 adulescens
607 2369 646 2404 in
672 2369 777 2405 libris
802 2370 862 2414 sit,
888 2371 971 2407 coll.
997 2383 1031 2405 v,
1051 2374 1097 2406 88
1122 2371 1232 2406 Fieri
1254 2372 1311 2406 m‘l
1330 2374 1463 2416 potest,
1492 2384 1569 2407 nox

0 2429 9 2471 1
49 2425 180 2460 mulier
197 2426 331 2460 vinum·
341 2426 480 2461 homini
497 2427 763 2463 adulescentulo
782 2429 955 2473 equidem
979 2429 1081 2464 homo
1105 2431 1396 2466 adulescentulus
1419 2433 1566 2476 praetu-

48 2481 156 2518 lerim
180 2484 220 2518 et
241 2494 350 2529 roqas
372 2495 439 2529 pro
463 2486 603 2530 rogitas
626 2486 755 2522 eadem
780 2487 925 2522 ratione
951 2500 984 2523 v.
1011 2492 1079 2524 206
1104 2488 1144 2524 111
1169 2489 1198 2524 Β
1223 2500 1419 2534 perperam
1443 2490 1564 2532 111111ος

50 2541 95 2576 cf.
118 2551 228 2586 roqas
251 2553 285 2576 v.
304 2545 384 2576 206.
406 2547 486 2578 216.
505 2547 585 2578 258.
605 2548 686 2580 331.
708 2547 788 2580 802.
808 2548 895 2588 980,
920 2556 1004 2580 011111
1029 2558 1062 2582 v.
1085 2551 1176 2582 1195
1200 2549 1339 2593 royitas
1361 2549 1407 2582 ‹le
1432 2548 1567 2583 iterata

50 2599 266 2643 quaestione
303 2603 507 2645 usurpetur.
559 2602 791 2647 Quamquam
829 2604 943 2648 probe
979 2604 1055 2640 scio
1099 2617 1171 2641 non
1209 2618 1334 2642 severe
1370 2607 1567 2642 discrimen

50 2658 199 2694 servari.
1388 2705 1402 2714 ,

145 2718 204 2762 94)
235 2717 277 2752 In
302 2728 376 2762 qno
402 2729 515 2752 unum
545 2718 689 2754 mireris
720 2731 855 2764 operae
886 2721 1047 2765 pretium
1078 2721 1190 2757 fuisse
1215 2723 1414 2769 Spengelio
1444 2724 1499 2760 ita
1528 2724 1567 2759 in

51 2785 197 2811 versum
215 2777 329 2811 verba
347 2776 531 2822 redigere,
555 2779 599 2812 ut
621 2778 721 2822 qnod
745 2780 930 2814 sententia
953 2781 1118 2825 postulet
1141 2793 1299 2816 nomen
1325 2782 1363 2816 in
1388 2784 1566 2826 φρόνηειν

50 2833 212 2870 mutarit.

96 2895 99 2898 ,
1234 2899 1283 2933 4*
