1904 3106
0 0 14 32 Ξ.

0 59 10 115 ζι

0 187 9 263 ἱ

0 267 8 296 ι

0 301 8 342 ἲ

759 86 1051 126 —11—

130 195 140 200 ”
204 193 406 236 Αῐωίῐιῒίε
438 194 476 236 si
507 193 581 248 qui
611 194 700 234 non
730 191 908 245 danunt,
938 214 997 220 —
1027 205 1116 232 non
1146 188 1274 231 didici
1305 188 1513 241 baiolare,

142 291 239 319 cum
274 275 484 319 facillime
522 277 567 317 et
602 274 782 317 baiolare
817 273 864 314 in
901 286 1050 314 versus
1082 271 1198 313 exitu
1230 285 1327 312 cum
1355 270 1544 323 fabulari
1574 284 1667 324 per-

142 346 302 390 mutari
338 348 383 388 et
417 345 534 388 facta
569 345 651 387 hac
682 343 999 399 permutatione
1030 357 1179 385 versus
1212 342 1343 384 etiam
1374 342 1470 384 loco
1502 340 1667 383 moveri

142 431 221 473 per
249 416 418 459 librarii
448 430 635 458 errorem
660 414 862 470 potuerit.
911 414 1180 469 Quamquam
1205 427 1260 454 ne
1284 413 1466 454 baiolare
1495 411 1668 466 quidem

143 487 357 543 scriptura
390 501 504 529 nunc
534 486 642 528 mihi
679 486 912 540 satisfacit,
952 488 1131 540 propter
1169 484 1356 526 similem
1387 482 1668 537 Alciphronis

144 559 287 601 locum
317 557 459 612 Epist.
479 557 512 612 I,
531 557 600 612 36,
619 557 664 599 3:
695 557 769 611 qui
794 571 1026 612 quamnam
1051 555 1214 597 habeat
1238 554 1326 597 vim
1358 556 1511 609 postea
1536 568 1668 608 appa-

143 628 256 671 rebit
285 643 326 683 p.
351 628 406 671 31
421 643 481 684 sq.

262 697 346 742 Sed
383 699 515 741 etiam
559 699 671 741 hunc
716 698 789 754 qui
826 698 872 740 in
909 697 1033 740 libris
1073 697 1288 739 antecedit
1326 711 1474 738 versus
1512 695 1667 751 dignus

144 771 223 825 est,
254 770 327 826 qui
359 770 598 813 accuratius
631 785 759 825 quam
791 769 929 811 adhuc
959 768 1122 810 factum
1156 771 1221 810 est
1251 768 1477 809 tractetur:

203 852 270 895 Eo
301 852 415 895 dicta
445 852 594 908 lingua
624 852 765 894 dulcia
795 851 907 894 datis
938 850 1065 893 corde
1098 865 1246 892 amara
1276 849 1421 892 facitis
1454 848 1505 903 A,

202 922 381 979 Linguis
413 922 528 965 dicta
558 922 699 964 dulcia
730 922 842 964 datis
876 921 1004 965 corde
1036 935 1180 963 amare
1212 919 1337 962 factis
1370 919 1415 962 P.

144 1005 262 1048 Haec
286 1005 418 1048 verba
441 1004 670 1060 Machlyus
702 1005 730 1047 l.
756 1021 788 1047 s.
815 1020 846 1047 s.
879 1004 1069 1047 eicienda
1099 1018 1192 1046 esse
1223 1003 1333 1045 dixit
1365 1005 1412 1044 ut
1444 1003 1666 1058 apertissi-

145 1090 262 1118 mum
293 1076 508 1131 glossema
539 1090 740 1117 versuum
770 1075 804 1130 Ι,
835 1076 875 1130 2,
909 1075 964 1118 76
984 1090 1064 1130 sq.:

202 1157 255 1199 In
285 1157 414 1199 melle
445 1160 547 1200 sunt
577 1158 754 1214 linguae
786 1158 893 1200 sitae
926 1159 1099 1200 vostrae
1131 1158 1260 1212 atque
1294 1157 1512 1199 orationes

202 1227 335 1270 Facta
367 1230 495 1284 atque
526 1229 655 1270 corda
684 1229 730 1270 in
760 1228 861 1270 felle
894 1230 995 1270 sunt
1019 1228 1129 1270 sitae
1156 1229 1284 1282 atque
1311 1227 1466 1269 acerbo
1492 1229 1627 1270 aceto.

124 1308 343 1353 *Concedo
374 1313 475 1365 post
498 1310 578 1353 hos
603 1325 754 1354 versus
779 1311 1110 1354 venustissimos
1135 1310 1242 1353 satis
1268 1309 1518 1365 languidam
1543 1311 1667 1353 illam

144 1381 445 1436 repetitionem
477 1395 582 1436 esse,
613 1381 687 1423 sed
717 1384 809 1424 tam
833 1381 952 1424 facili
977 1381 1155 1437 negotio
1182 1395 1276 1423 eam
1302 1381 1515 1423 removeri
1539 1396 1667 1436 posse

144 1465 269 1507 nego.
324 1450 438 1494 Nam
470 1455 512 1494 et
542 1452 656 1508 quod
686 1467 863 1494 caesura
893 1467 1066 1495 versum
1097 1466 1269 1494 carere
1300 1451 1528 1506 Maehlyus
1561 1452 1669 1494 dixit

143 1536 232 1564 non
261 1524 376 1564 recte
407 1523 612 1565 recitasse
643 1523 831 1577 videtur,
861 1537 999 1578 neque
1030 1522 1195 1565 dicendi
1226 1536 1362 1577 genus
1394 1537 1470 1576 per
1501 1538 1545 1564 se
1578 1524 1668 1565 vul-

147 1593 263 1648 garis
294 1593 666 1648 interpretamenti
699 1593 885 1649 speciem
916 1608 1019 1648 prae
1050 1608 1095 1635 se
1121 1593 1216 1635 fert.
1267 1594 1410 1648 Atque
1441 1593 1549 1635 illud
1580 1594 1667 1636 iam

145 1663 341 1719 Buggius
372 1664 538 1706 monuit
567 1663 725 1706 Philol.
755 1666 787 1706 t.
808 1664 953 1706 XXXI
986 1661 1042 1719 (a.
1066 1663 1198 1720 1871)
1230 1679 1270 1718 p.
1302 1664 1387 1706 359
1420 1664 1476 1706 ob
1509 1665 1668 1707 allitte-

145 1733 360 1776 rationem
402 1734 799 1789 oppositionemque
842 1734 956 1776 inter
998 1735 1141 1788 linqua
1182 1737 1226 1777 et
1267 1736 1384 1777 corde
1426 1736 1667 1791 quaesitam

147 1803 281 1845 verba
317 1817 367 1846 eo
399 1818 525 1859 quem
554 1804 590 1846 P
622 1804 797 1846 exhibet
827 1805 973 1847 ordine
1005 1805 1255 1848 collocanda
1287 1820 1392 1848 esse.
1455 1805 1539 1848 Sed
1570 1819 1667 1861 gra-

148 1873 269 1916 viora
304 1876 480 1916 restant.
546 1875 612 1916 Eo
650 1875 763 1917 enim
800 1875 846 1917 in
882 1890 1030 1918 versus
1067 1876 1277 1931 principio
1316 1875 1349 1917 P
1394 1876 1576 1930 omittit,
1620 1879 1668 1918 ut

149 1944 391 1986 trochaicus
409 1959 611 1987 numerus
631 1946 824 2000 exsistat,
842 1961 980 2001 neque
1003 1947 1289 2001 improbabile
1315 1950 1382 1989 est
1406 1947 1667 2002 particulam

149 2014 194 2056 in
226 2013 267 2056 A
297 2015 350 2056 ad
381 2015 662 2057 conectendas
694 2017 930 2058 sententias
962 2017 1174 2058 adiectam
1205 2032 1310 2059 esse.
1361 2017 1484 2067 Quod
1515 2020 1563 2059 ut
1592 2032 1669 2072 per

151 2099 197 2126 se
239 2085 285 2127 in
326 2087 551 2140 utramque
595 2088 762 2141 partem
804 2087 1018 2142 disputari
1059 2088 1222 2142 possit,
1271 2089 1464 2130 exeuntis
1518 2104 1668 2131 versus

150 2151 382 2198 discrimen
411 2171 503 2198 rem
534 2157 588 2198 ad
618 2157 805 2200 calculos
831 2159 968 2201 vocat.
1018 2158 1111 2208 Quo
1139 2173 1234 2201 cum
1259 2159 1294 2200 P
1315 2160 1440 2212 factis
1464 2160 1670 2214 praebeat

149 2240 228 2281 pro
256 2226 414 2279 facitis,
456 2226 567 2269 hanc
604 2242 711 2282 quae
749 2228 967 2271 levissima
1004 2243 1097 2271 esse
1134 2230 1303 2272 videtur
1333 2231 1668 2285 discrepantiam

149 2310 417 2351 nequaquam
458 2298 756 2354 neglegemus,
809 2299 845 2340 si
888 2301 1230 2355 reputaverimus
1274 2301 1543 2356 ineptissime
1587 2301 1669 2343 dici

149 2367 266 2409 corde
303 2367 468 2419 facere
510 2368 683 2424 aliquid.
742 2369 920 2412 Etenim
959 2372 1076 2413 corde
1117 2373 1346 2415 consultare
1387 2373 1456 2414 vel
1500 2373 1669 2426 afflare,

150 2437 350 2487 volutare,
391 2451 557 2481 versare
585 2439 747 2493 aliquid
775 2440 1011 2483 locutiones
1042 2456 1123 2483 usu
1153 2442 1350 2497 veniunt,
1394 2443 1509 2485 corde
1536 2443 1670 2495 facere

151 2509 196 2549 et
225 2507 279 2549 ab
310 2522 393 2549 usu
424 2510 467 2549 et
498 2523 524 2550 a
553 2509 782 2552 verborum
812 2510 989 2552 notione
1021 2511 1237 2559 abhorret.
1298 2512 1378 2555 His
1410 2513 1546 2568 igitur
1577 2528 1667 2555 mo-
1692 2557 1698 2562 ,

151 2577 308 2619 mentis
338 2578 641 2632 perpensitatis
666 2594 717 2621 ex
742 2581 831 2622 cod.
850 2580 885 2622 P
916 2580 970 2623 ad
1001 2582 1271 2624 octonarium
1301 2583 1569 2626 trochaicum
1601 2583 1669 2625 de-

151 2647 346 2690 ducimur
376 2649 438 2691 sic
467 2648 556 2691 fere
579 2649 901 2693 reformandum
927 2666 977 2694 ac
1000 2667 1078 2707 pro
1104 2667 1303 2695 versuum
1329 2637 1681 2696 antecedentium'

152 2717 247 2760 loco
278 2718 486 2770 parallelo
518 2718 838 2762 declarandum:

212 2797 378 2856 Lingua
408 2800 523 2842 dicta
553 2801 695 2844 dulcia
724 2802 837 2845 datis
868 2804 994 2846 corde
1026 2819 1174 2847 amara
1204 2805 1363 2857 factm
1394 2806 1643 2861 agitat]is.
