1904 3106
881 59 1200 101 —104—

272 158 484 214 Expedivi
516 160 630 204 hanc
662 163 1035 218 quaestiunculam
1067 167 1276 210 lubricam
1310 184 1411 211 sane
1437 171 1482 212 et
1505 170 1727 215 difficilem
1759 175 1808 216 ut

273 230 416 284 potui:
455 246 559 273 num
591 232 653 275 sic
684 236 799 276 recte
831 235 1142 291 disputaverim
1175 239 1248 281 alii
1280 239 1528 284 diiudicent.

845 418 871 469 ξ
903 417 942 458 2.
1004 415 1250 460 Lacunae

392 505 657 550 Richardum
680 508 974 552 Muellerum
962 527 1008 553 in
1039 512 1341 555 dissertatione
1362 512 1429 555 ‘de
1449 513 1593 558 Plauti
1610 512 1808 572 ‘Epidico'

278 577 439 633 scripta
483 579 668 632 primam
715 596 916 624 scaenam
959 583 1190 627 trochaicis
1230 585 1485 640 septenariis
1522 587 1809 642 compositam

280 662 375 691 esse
408 652 740 695 contendentem
773 654 945 731 egregie
978 655 1225 710 opinionem
1255 655 1461 698 fefellisse
1486 659 1535 698 ut
1560 659 1676 700 recte
1700 657 1809 703 iudi-

278 722 483 762 caverunt
508 721 639 777 docti,
671 723 733 765 ita
757 723 790 766 ii
816 727 916 766 sunt
940 725 1222 780 vituperandi,
1254 726 1327 781 qui
1352 729 1525 769 tantum
1550 742 1653 792 non
1665 729 1811 772 omnia

277 792 468 834 admissa
505 808 597 836 esse
636 795 720 837 rati
759 796 913 838 miram
951 799 1187 840 metrorum
1229 798 1481 840 varietatem
1520 799 1630 843 miro
1661 786 1805 844 studio

278 866 570 917 prosecuntur.
632 865 746 916 Quin
778 882 828 909 eo
860 882 993 922 usque
1026 868 1250 924 progressi
1277 871 1391 920 sunt,
1424 872 1472 912 ut
1502 869 1682 927 medios
1686 869 1807 915 inter

277 935 547 989 septenarios
580 937 910 993 octonariosque
941 938 1012 980 hic
1042 939 1135 981 illic
1166 939 1360 981 senarios
1393 940 1601 983 iambicos
1621 938 1807 996 ‘poetam

280 1006 593 1062 interposuisse
625 1007 846 1050 crederent
877 1012 920 1051 et
951 1009 1035 1064 ipsi
1066 1010 1390 1065 interponerent
1414 1010 1621 1054 librorum
1653 1013 1809 1056 menda

285 1077 510 1120 sublaturi.
562 1078 693 1121 Velut
724 1081 772 1121 ut
802 1080 1000 1135 exempla
1031 1081 1208 1123 afferam
1239 1081 1285 1123 hi
1312 1081 1472 1124 senarii
1498 1081 1720 1136 plausores
1751 1083 1815 1126 in-
1849 1079 1856 1095 '

286 1151 496 1191 venerunt
526 1149 642 1191 haud
673 1164 834 1204 paucos
866 1149 924 1206 (v.
954 1152 1013 1194 44
1033 1151 1131 1208 sq.):

338 1243 453 1287 Nam
484 1245 603 1286 certo
634 1244 887 1300 priusquam
918 1245 1018 1288 hinc
1050 1247 1103 1289 ad
1135 1247 1352 1303 legionem
1383 1247 1493 1290 abiit
1524 1247 1669 1303 domo,

338 1314 464 1370 Ipsus
498 1315 719 1357 mandavit
749 1316 809 1358 mi
841 1317 896 1359 ab
928 1318 1083 1360 lenone
1114 1321 1162 1360 ut
1191 1318 1369 1361 fidicina
1400 1334 1434 1361 e.
1467 1334 1506 1376 q.
1544 1333 1577 1361 s.

282 1411 326 1451 et
359 1424 396 1451 v.
432 1410 493 1452 22
514 1424 592 1465 sq.:

914 1486 955 1526 te
987 1485 1083 1527 volo

342 1552 604 1596 percontari.
656 1569 831 1609 operam
865 1554 937 1610 da,
969 1556 1101 1611 opera
1131 1556 1330 1599 reddetur
1361 1556 1497 1612 tibi.⁸)

380 1744 416 1787 8)
450 1741 591 1785 Quibus
623 1742 719 1777 adde
745 1754 778 1777 v.
806 1747 844 1786 3,
877 1755 987 1788 quem
1018 1744 1186 1789 Engerus
1219 1744 1264 1779 de
1290 1755 1386 1790 pros.
1412 1745 1467 1780 Pl.
1495 1756 1531 1790 p.
1557 1744 1591 1779 X
1621 1744 1735 1779 talem
1761 1754 1816 1779 re-

285 1801 406 1837 finxit:

499 1860 607 1896 Certe
632 1862 737 1896 litere
763 1861 891 1896 oculis.
941 1861 1106 1896 QHESP.
1135 1861 1255 1896 Salve.
1299 1861 1371 1897 ΕΡ.
1397 1862 1445 1898 Di
1470 1862 1562 1897 dent
1584 1863 1679 1907 quae
1706 1861 1807 1897 velis.

290 1920 328 1954 et
353 1931 385 1954 v.
414 1923 445 1962 9,
472 1931 583 1964 quem
608 1920 663 1956 ita
687 1920 808 1956 edidit
831 1921 1017 1956 Beckerus
1044 1921 1103 1966 (de
1131 1932 1222 1957 com.
1249 1921 1355 1956 Rom.
1381 1921 1455 1957 fab.
1481 1933 1516 1966 p.
1544 1922 1620 1966 11):

504 1978 623 2022 Quam
649 1979 799 2024 quidem
824 1979 901 2015 iam
927 1979 990 2014 diu
1015 1982 1052 2015 te
1078 1979 1282 2025 perdidisse
1307 1979 1487 2025 oportuit.

290 2037 455 2073 Priorem
481 2050 626 2074 versum
653 2039 707 2074 sic
733 2038 885 2074 exhibet
908 2039 958 2074 A:

578 2097 677 2134 Satis
703 2099 803 2134 recte
830 2098 946 2134 oculis
972 2099 1096 2135 uteris.

576 2157 696 2193 Salve.
724 2159 766 2201 :tt
794 2156 833 2192 di
857 2157 948 2193 dent
973 2159 1068 2202 quae
1094 2158 1198 2194 velis.

294 2217 332 2251 et
359 2216 604 2261 posteriorem
629 2216 700 2252 ita:

581 2274 699 2316 Quam
725 2276 876 2320 quidem
901 2277 938 2311 te
963 2275 1106 2311 iamdiu

582 2333 791 2370 Perdidisse
818 2334 993 2379 oportuit.

293 2395 367 2431 Sed
391 2395 548 2430 fortasse
574 2395 742 2438 praestat
771 2394 869 2438 quod
895 2394 1088 2439 proposuit
1112 2394 1149 2429 C.
1177 2394 1215 2430 F.
1243 2394 1299 2429 W.
1327 2393 1527 2429 Muellerus
1555 2393 1724 2429 ‘Nachtn
1749 2405 1814 2428 zur

293 2453 413 2489 Plaut.
440 2452 557 2489 Pros.’
586 2464 621 2497 p.
650 2456 735 2487 125:

508 2511 628 2554 Quam
654 2510 804 2556 quidem
830 2514 867 2547 te
891 2511 1033 2547 iamdiu
1059 2511 1193 2557 edepol
1217 2511 1421 2557 perdidisse
1446 2510 1622 2557 oportuit.

296 2572 426 2616 Neque
457 2571 557 2607 enim
588 2570 662 2606 dici
692 2572 818 2616 potest
842 2573 1071 2617 quantopere
1098 2570 1247 2606 omnino
1274 2570 1415 2606 voculis
1439 2570 1502 2606 hic
1524 2569 1605 2606 illic
1629 2570 1774 2606 omissis
1798 2581 1822 2605 a.

297 2629 461 2666 librariis
493 2631 692 2675 peccatum
723 2629 781 2664 sit.
846 2629 1000 2675 Saepius
1034 2640 1145 2665 eausa
1175 2629 1260 2665 inde
1291 2629 1495 2675 repetenda
1524 2629 1689 2675 videtur,
1725 2629 1826 2675 quod

303 2689 442 2725 codicis
466 2689 582 2725 verba
607 2700 630 2723 a
654 2688 806 2724 librario
832 2689 908 2733 legi
933 2700 1007 2724 non
1031 2690 1244 2734 potuerunt,
1269 2690 1313 2724 ut
1336 2700 1486 2724 necesse
1512 2689 1609 2724 esset
1632 2687 1739 2734 signo
1763 2689 1826 2724 ad-

298 2747 376 2783 dito
407 2747 446 2783 id
482 2747 656 2784 indicari:
695 2747 740 2782 ef.
767 2747 874 2793 Epid.
902 2747 954 2782 111
978 2751 1018 2791 4,
1043 2751 1089 2782 50
1115 2749 1154 2782 et
1178 2751 1233 2782 51.
1282 2747 1335 2784 Ut
1358 2747 1417 2782 his
1442 2747 1534 2782 locis
1559 2746 1826 2782 Ambrosianus

303 2806 499 2850 succurrit,
526 2807 580 2841 ita
604 2806 704 2842 idem
730 2805 867 2842 accidit
891 2818 924 2841 v.
946 2809 989 2840 68
1015 2805 1180 2841 eiusdem
1207 2817 1374 2850 scaenae,
1400 2806 1464 2841 ubi
1489 2805 1764 2842 Studemundus
1789 2806 1829 2842 et
