1904 3106
477 172 722 226 Ἄνθρωπε,
755 177 901 227 πέρυει
934 177 1106 228 πτωχὸς
1138 178 1243 229 ἦεθα
1275 178 1342 219 καὶ
1375 177 1536 230 νεκρός,

477 245 571 287 νυνὶ
602 246 649 287 δὲ
682 248 883 290 πλουτεῖ(

261 352 347 379 non
380 338 572 381 absimili
605 340 798 384 fortasse
830 343 998 386 ratione
1031 343 1077 385 in
1107 321 1333 385 Menandri
1363 343 1513 386 fabula
1554 344 1796 386 colonatum

262 411 372 463 erat,
404 424 534 465 quam
568 426 652 466 qua
684 413 728 455 in
760 413 1023 457 Truculento
1057 417 1198 457 exstat
1228 414 1261 469 I,
1293 414 1332 469 2,
1366 414 1422 456 62
1443 429 1524 470 sq.:

320 515 428 557 Ast.
475 516 589 559 Dum
622 517 730 562 vivit
761 520 983 563 hominem
1014 522 1206 563 n6veris:
1237 521 1312 563 ubi
1340 522 1555 564 m6rtuost
1580 523 1794 578 quiesea83

476 587 536 630 Te
579 589 680 632 dum
722 591 899 634 vivebas
939 594 1156 635 noveram.
1235 591 1310 634 Di.
1360 591 1431 634 An
1470 607 1537 634 me
1577 594 1793 635 m6rtuom

1118 663 1361 706 arbitrare?

260 730 310 771 ef.
342 731 442 773 ibid.
474 747 511 774 v.
546 733 601 774 72
623 748 702 788 sq.:

319 837 391 880 Di.
468 838 567 882 Non
611 840 757 882 hercle
802 855 882 896 ego
929 842 1086 896 oppido
1102 840 1156 898 58)
1201 842 1357 884 occidi:
1408 843 1510 884 sunt
1553 843 1612 884 mi
1657 844 1791 885 etiam

1116 912 1237 955 fundi
1270 915 1313 955 et
1343 913 1473 956 aedis.

319 980 425 1023 Ast.
470 981 588 1032 Quor
614 983 796 1026 obsecro
826 997 930 1039 ergo
958 987 1057 1027 ante
1084 985 1245 1027 6stium
1276 999 1356 1040 pro
1381 985 1532 1040 ign6t9
1565 984 1792 1040 alienoque

1119 1053 1366 1111 adstas?⁵⁹)

384 1183 502 1234 Quae
541 1188 686 1227 autem
724 1186 770 1227 in
801 1186 1063 1229 Truculento
1102 1189 1203 1243 post
1233 1187 1366 1230 verba
1395 1186 1470 1229 An
1499 1200 1563 1228 me
1592 1188 1793 1228 mortuom

258 1255 496 1297 arbitrare?
529 1256 779 1299 insecuntur
810 1258 854 1300 in
886 1258 1032 1300 libris:

324 1349 407 1400 Qui
429 1351 544 1406 potis
568 1353 669 1405 [est]
693 1354 847 1395 amabo
868 1354 1070 1408 planius?
1101 1354 1175 1409 qui
1196 1354 1377 1396 antehae
1403 1354 1572 1395 amator
1597 1366 1791 1395 summus

319 1421 507 1463 Habitus
547 1423 583 1464 si
622 1421 708 1478 (est
740 1423 835 1480 OD>
876 1425 1018 1466 istunc
1056 1425 1110 1466 ad
1148 1425 1331 1467 amicam
1369 1424 1525 1467 uerius
1551 1422 1793 1466 uerimonia

1117 1496 1287 1552 referre,

259 1587 304 1628 in
338 1588 398 1629 eis
433 1587 707 1632 Camerarius
745 1605 882 1633 meras
911 1592 1207 1644 querimonias,
1243 1605 1355 1634 ‘nunc
1385 1605 1463 1646 pro
1494 1590 1628 1632 istunc
1658 1588 1790 1644 Spen-

259 1658 417 1714 geliuS,
465 1660 645 1715 denique
683 1662 900 1715 deferendi
936 1678 1014 1717 pro
1046 1663 1260 1716 referendi
1290 1662 1468 1704 verbum
1500 1661 1790 1716 Kiesslingius

259 1731 287 1772 l.
321 1746 353 1772 s.
388 1746 419 1772 s,
452 1746 491 1785 p.
513 1733 599 1773 625
632 1734 758 1775 certis
793 1735 1035 1776 rationibus
1068 1735 1366 1787 restituerunt3
1400 1733 1474 1774 sed
1506 1747 1586 1774 nee
1615 1730 1792 1774 habitu’s

260 1816 338 1843 nee
369 1803 553 1855 referres
584 1803 793 1859 (deferres
824 1803 1136 1861 Kiesslingius)
1169 1820 1294 1861 quem
1326 1805 1414 1846 iam
1445 1803 1678 1846 Muellerus
1709 1802 1738 1844 l.
1757 1817 1790 1844 s.

259 1989 314 2025 Ac
341 1990 371 2024 si
398 1990 456 2025 cui
483 1994 657 2037 argutum
678 1992 784 2038 illud,
811 1994 910 2039 quod
931 2005 975 2029 ex
995 1993 1191 2039 proverbio
1211 1993 1257 2028 de
1277 2003 1349 2037 quo
1369 1991 1515 2037 agimus
1533 1991 1652 2031 inesse
1671 1989 1791 2036 possit

258 2049 476 2093 sententiae,
504 2051 692 2086 Euclionis
716 2052 867 2097 ingenio
893 2063 965 2087 non
991 2052 1081 2087 satis
1108 2052 1303 2087 convenire
1329 2051 1511 2095 videatur,
1537 2061 1649 2095 quam
1669 2049 1788 2084 altero

263 2108 345 2143 loeo
372 2110 548 2154 proposui
575 2111 798 2156 scripturam
824 2111 937 2146 etiam
963 2111 1184 2157 simpliciter
1208 2110 1371 2156 accipias
1395 2111 1495 2146 lieet.

354 2195 412 2234 58)
441 2204 502 2237 eqo
528 2194 662 2238 oppido
694 2194 887 2239 praeclare
922 2194 1112 2239 supplevit
1138 2194 1336 2229 Muellerus
1361 2193 1385 2228 l.
1413 2188 1439 2229 s.
1467 2205 1494 2230 s.
1521 2204 1556 2237 p.
1585 2196 1648 2227 681
1679 2193 1789 2236 (totus

258 2250 442 2296 Bergkius
468 2252 490 2286 l.
521 2265 545 2286 s.
575 2266 601 2288 s.
629 2266 664 2298 p.
693 2257 777 2298 102,
810 2264 871 2299 eqo
897 2255 1043 2288 omnino
1070 2253 1211 2288 Brixius
1236 2252 1354 2298 Epist.
1381 2252 1428 2287 ad
1455 2252 1590 2296 Speng.
1617 2262 1652 2296 p.
1679 2253 1700 2285 8
1732 2262 1788 2285 as-

258 2310 439 2345 sentiente
474 2310 699 2356 Kiesslingio
731 2312 753 2347 l.
788 2324 814 2347 8.
848 2324 875 2349 s.
911 2324 944 2357 p.
974 2313 1064 2357 626)
1096 2312 1141 2347 cf.
1173 2311 1298 2347 Aulul.
1330 2311 1399 2356 Ill,
1428 2315 1466 2355 1,
1492 2316 1530 2346 5:
1569 2313 1665 2345 totus
1689 2310 1789 2345 doleo

259 2373 367 2413 atque
391 2370 526 2414 oppido
546 2371 655 2414 perii.

355 2455 414 2497 59)
448 2452 519 2487 Sed
550 2465 623 2487 non
656 2453 765 2488 modo
799 2464 909 2497 quem
936 2452 1156 2498 Spengelius
1189 2453 1318 2488 attulit
1348 2451 1482 2488 similis
1514 2454 1572 2488 est
1596 2453 1728 2489 Pseud.
1753 2465 1787 2489 v.

259 2516 347 2547 248:
377 2513 564 2547 Mortuost
589 2513 652 2557 qui
675 2513 768 2555 suit,
793 2513 857 2556 qui
881 2515 930 2547 est
956 2513 987 2546 is
1012 2513 1124 2547 vivost
1156 2512 1349 2556 multoque
1379 2511 1443 2556 qui
1467 2510 1556 2548 ibid.
1583 2524 1616 2547 v.
1642 2516 1712 2548 309
1732 2524 1787 2558 sq.

258 2571 464 2616 insequitur
489 2571 660 2606 similior:
695 2572 814 2615 Atque
838 2582 900 2615 eqo
925 2574 958 2605 te
980 2571 1098 2605 vivom
1122 2571 1325 2615 salvomque
1349 2571 1479 2606 vellem.
1532 2571 1600 2606 Ps.
1627 2571 1712 2607 Eho
1736 2583 1787 2608 an

258 2632 334 2665 iam
358 2630 560 2666 movtuost?
609 2630 656 2664 B.
691 2630 779 2664 Utut
804 2634 865 2674 est,
890 2630 979 2664 mihi
1003 2630 1145 2674 quidem
1164 2630 1328 2674 profecto
1353 2641 1434 2664 eum
1458 2631 1539 2665 istis
1562 2630 1671 2666 dictis
1693 2641 1785 2666 mor-

258 2693 363 2725 tuost.
416 2691 514 2724 Ilico
538 2689 632 2728 vixit
658 2692 812 2731 amator,
844 2689 909 2722 ubi
934 2689 1056 2723 lenoni
1079 2689 1282 2733 supplicat,
1315 2700 1440 2724 verum
1467 2688 1581 2724 etiarn
1606 2689 1686 2735 ipse
1709 2689 1787 2725 Me-

258 2749 399 2783 nander
433 2748 470 2782 in
497 2747 668 2792 Epiclero
702 2748 830 2782 eadem
864 2749 905 2781 ut
937 2747 1082 2782 videtur
1106 2748 1250 2782 ratione
1276 2748 1482 2792 usurpavit:
1520 2747 1555 2782 τί
1581 2748 1615 2782 δ’
1639 2749 1684 2782 ἂν
1709 2749 1786 2792 ἔχοι

258 2809 387 2850 νεκρὸς
413 2808 565 2851 ἀγαθόν,
592 2808 686 2842 ὅπου
713 2808 748 2849 γ’
773 2807 807 2841 οἱ
833 2809 970 2842 ζῶντε(
996 2809 1126 2850 ἔχομεν
1153 2808 1239 2841 οὐδὲ
1266 2808 1315 2841 ἕν.
