1904 3106
666 118 987 168 ‹2-113*

282 231 503 291 Mulciber,
521 234 658 289 credo,
678 248 798 276 arma
817 232 930 286 fecit,
955 246 1063 288 quae
1088 229 1243 274 habuit
1261 223 1591 286 Stratippocles:

283 307 622 350 Travolaverunt
642 305 694 347 ad
714 304 867 346 hostis.
898 301 983 345 ΕΡ.
1002 302 1113 344 Tum
1126 302 1199 344 ille
1212 304 1452 357 prognatus
1463 300 1593 343 Theti

287 377 389 420 Sine
420 377 590 432 perdat:
622 375 710 418 alia
740 374 1032 430 apportabunt
1063 373 1127 414 eei
1158 371 1288 414 Nerei
1318 372 1445 414 filiae.

282 446 333 490 Id
351 448 478 490 modo
499 440 773 490 videndumst
792 447 840 486 ut
859 444 1058 493 materies
1079 446 1284 498 suppetat
1303 443 1516 497 scutariis,
1547 453 1593 484 35

286 518 332 562 Si
362 520 407 561 in
438 517 621 574 singulis
654 516 880 571 stipendiis
912 515 964 556 ad
996 514 1143 556 hostes
1176 514 1351 556 exuvias
1383 514 1516 556 dabit.

133 589 333 633 THESP.
364 588 600 645 Supersede
632 588 729 630 istis
760 587 899 628 rebus.
931 585 1015 627 ΕΡ.
1047 585 1143 639 Em,
1161 585 1336 640 tuipse,
1367 585 1439 626 ubi
1460 584 1594 637 lubet,

821 694 826 696 ,
920 657 1048 698 finem
1079 656 1184 698 face.

131 726 335 774 THESP.
363 729 535 772 Desiste
566 729 859 784 percontarier
890 743 924 770 e.
958 742 996 782 q.
1029 742 1061 769 s.

76 803 238 845 Versus
276 802 331 844 27
374 799 615 855 Geppertus
655 800 774 842 aliud
812 798 992 854 addidit3
1036 798 1143 839 mihi
1182 797 1328 852 potius
1367 798 1454 839 tale
1494 797 1596 853 quid

78 873 204 928 quale
222 872 401 925 eloquere
419 873 519 913 ante
543 871 614 912 ubi
631 871 799 912 videtur
824 869 1104 912 intercidisse.
1135 868 1187 910 V.
1202 869 1257 911 28
1277 872 1397 922 atque
1415 870 1596 922 equidem

73 942 344 985 scribendum
373 955 466 983 esse
492 941 580 983 dixi
606 942 652 983 in
680 941 800 983 Actis
826 955 910 983 soc.
936 940 1086 995 philol.
1112 940 1227 995 Lips.
1254 940 1339 982 vol.
1359 939 1421 981 VI
1444 955 1483 994 p.
1499 939 1597 994 239,

76 1013 150 1055 sed
176 1014 275 1068 post
293 1011 537 1053 Luchsium.
597 1013 702 1054 istuc
731 1026 770 1053 v.
789 1011 845 1053 29
878 1010 1087 1053 Gruterus
1120 1011 1319 1066 coniecit3
1351 1009 1465 1052 idem
1497 1014 1598 1065 post

72 1084 199 1125 illum
223 1082 392 1125 Brixius
419 1082 582 1123 emend.
597 1081 734 1124 Plaut.
755 1083 851 1137 p.93
885 1081 1158 1124 Camerarius
1189 1081 1285 1123 haee
1316 1086 1377 1135 {213
1411 1085 1455 1123 tu
1483 1081 1597 1123 libri.

74 1153 127 1197 V.
146 1155 199 1196 31
233 1157 329 1195 ante
357 1153 402 1194 in
432 1152 461 1194 J
493 1156 650 1207 exstat3
681 1157 802 1195 antea
833 1153 882 1195 B.
931 1152 983 1195 V.
1002 1153 1059 1194 34
1090 1152 1461 1207 transponendum
1491 1155 1597 1207 puto

46 1240 49 1242 ·
77 1224 201 1266 Nerei
228 1225 266 1266 ei
287 1238 394 1280 ‘cum
424 1222 632 1266 Muellero
665 1223 825 1266 ‘Plana
858 1223 990 1265 Pros.’
1023 1239 1063 1278 p.
1093 1223 1193 1266 460.
1254 1222 1397 1265 Versu
1437 1223 1491 1265 37
1534 1237 1597 1264 em

75 1293 281 1350 Gepperti
311 1298 393 1349 est3
425 1295 538 1350 quod
568 1295 613 1336 in
647 1295 773 1336 libris
799 1297 956 1336 exstat:
987 1294 1197 1347 sufflersede
1226 1294 1317 1335 istis
1347 1293 1466 1335 rebus
1496 1294 1593 1335 iam.

73 1365 166 1408 ΕΡ.
199 1366 263 1407 Tu
292 1366 377 1419 ipse
407 1365 577 1407 defendi
608 1380 734 1420 posse
765 1368 883 1420 puto.

195 1435 275 1478 Sed
303 1436 514 1478 absolutis
538 1436 607 1478 his
634 1437 801 1492 pusillis
828 1437 954 1478 rebus
987 1436 1041 1477 ad
1072 1436 1315 1491 graviorem
1348 1436 1598 1478 accedamus

78 1507 391 1562 quaestionem,
422 1508 468 1550 in
499 1523 582 1563 qua
613 1508 890 1550 dissolvenda
920 1507 1036 1549 haud
1067 1507 1339 1549 mediocriter
1369 1507 1599 1549 desudave-

78 1580 179 1620 runt
208 1577 289 1619 viri
321 1577 448 1620 docti.
503 1578 642 1620 Erant
673 1579 745 1633 qui
776 1579 1073 1633 vituperarent
1103 1578 1317 1631 Plautum,
1349 1577 1460 1632 quod
1493 1578 1601 1618 osci-

80 1651 228 1690 tanter
263 1649 370 1690 haec
414 1649 672 1703 scripsisset,
708 1664 811 1690 cum
855 1665 993 1704 arma,
1037 1650 1190 1704 quibus
1228 1649 1391 1690 Hector
1433 1649 1599 1703 potitus

80 1721 206 1773 esset,
237 1734 262 1760 a
292 1718 489 1761 Vulcano
522 1720 733 1761 fabricata
762 1735 850 1761 non
881 1723 1035 1761 essent.
1079 1719 1244 1769 Quibus
1277 1719 1468 1762 oblocuti
1500 1722 1600 1760 sunt

82 1789 228 1832 Dousa
259 1787 429 1831 Centur.
455 1805 495 1844 p.
525 1790 608 1832 180
639 1793 683 1832 et
707 1789 884 1831 Rostius
905 1790 1060 1844 Opusc.
1080 1789 1216 1832 Plaut.
1236 1789 1257 1830 I
1287 1806 1327 1845 p.
1363 1790 1457 1831 104.
1518 1788 1602 1830 Sed

82 1861 169 1901 iam
194 1859 351 1901 dudum
383 1860 653 1902 intellexerat
683 1860 877 1902 Muretus
899 1860 949 1902 V.
973 1861 999 1902 l.
1020 1860 1059 1901 X
1080 1876 1113 1902 c.
1131 1861 1184 1902 10
1216 1861 1351 1902 alludi
1383 1875 1509 1902 versu
1543 1859 1601 1900 32

81 1931 135 1972 ad
152 1930 462 1985 lepidissimam
481 1930 660 1972 Homeri
680 1931 731 1972 de
750 1932 990 1986 tripodibu's
1012 1931 1198 1973 Vulcani
1221 1931 1603 1986 narratiunculam,

83 2001 219 2056 quode
250 2001 346 2043 vide
378 2002 507 2043 etiam
539 2001 849 2057 Kiesslingium
879 2001 989 2043 Mus.
1020 2001 1157 2043 Rhen.
1188 2002 1272 2043 vol.
1299 2002 1357 2043 24
1388 2000 1446 2056 (a.
1469 2000 1601 2056 1869)

82 2073 235 2126 p.119:
267 2072 379 2127 quod
410 2087 634 2127 perperam
665 2073 814 2114 reiecit
846 2072 1086 2127 Geppertus
1119 2072 1274 2115 ‘Plaut
1302 2071 1436 2114 Stud?
1467 2073 1550 2113 vol.
1581 2071 1602 2113 I

81 2158 120 2197 p.
157 2142 249 2185 63.-
296 2142 419 2184 Unde
460 2145 638 2196 apparet
677 2157 824 2184 versus
865 2143 923 2184 32
943 2158 1006 2198 sq.
1045 2157 1140 2184 cum
1182 2158 1218 2184 v.
1262 2144 1319 2185 28
1361 2144 1602 2185 sententiae

83 2213 252 2255 vinculo
290 2213 507 2255 artissimo
546 2213 721 2272 conecti.
782 2209 931 2255 Porro'
955 2213 1260 2255 dubitaverunt
1291 2213 1374 2255 viri
1405 2214 1522 2256 docti
1552 2214 1602 2254 de

82 2283 276 2324 versibus
309 2286 409 2337 apte
440 2283 746 2325 distribuendis
778 2285 859 2338 ita,
902 2287 951 2326 ut
987 2284 1153 2326 nullam
1191 2284 1307 2326 viam
1344 2299 1432 2325 non
1462 2284 1602 2339 ingre-

83 2353 292 2394 derentur.
356 2352 439 2395 Sed
470 2354 754 2408 qualicunque
786 2355 852 2403 usi
884 2357 985 2396 sunt
1014 2355 1197 2408 ratione,
1227 2355 1438 2396 nonnulla
1468 2358 1603 2396 resta-

82 2424 190 2466 bant
227 2438 334 2479 quae
372 2424 682 2466 sententiarum
717 2438 874 2466 nexum
905 2425 1143 2466 turbarent.
1203 2424 1337 2466 Velut
1366 2426 1602 2467 rectissime

85 2496 229 2535 monet
252 2493 542 2535 Reinhardtus
567 2494 613 2535 in
638 2494 902 2536 Fleckeisem'
927 2494 1036 2537 Nov.
1063 2510 1159 2537 ann.
1185 2495 1271 2537 vol.
1293 2498 1373 2537 111
1396 2494 1600 2550 (3,.1875)

84 2579 125 2619 p.
159 2564 259 2618 199,
302 2563 531 2606 abhorrere
572 2580 716 2607 versus
755 2565 812 2606 35
839 2580 900 2620 sq.
938 2581 963 2606 a
1002 2565 1142 2607 colore
1180 2580 1327 2607 eorum
1372 2567 1445 2620 qui
1482 2579 1603 2619 prae-

86 2634 249 2675 cedant.
328 2633 477 2689 Neque
527 2636 667 2677 minus
711 2635 937 2677 molestum
987 2639 1070 2690 est,
1119 2638 1168 2676 ut
1215 2636 1314 2677 iam.
1352 2628 1604 2690 significavi,

87 2704 200 2759 quod
221 2703 432 2759 Thesprio
459 2720 495 2746 v.
516 2705 572 2746 32
604 2706 657 2747 ad
683 2721 772 2747 rem
805 2720 932 2760 quam
965 2707 1090 2748 modo
1125 2707 1371 2748 absolverat
1398 2705 1526 2758 redit,
1558 2708 1605 2745 ut

86 2775 209 2828 quasi
235 2790 312 2816 sua
338 2778 491 2830 sponte
518 2775 714 2817 excidant
740 2777 811 2831 qui
837 2776 1083 2830 interpositi
1115 2779 1214 2818 sunt
1239 2791 1276 2817 v.
1294 2775 1480 2816 33—35.
1522 2773 1603 2815 Sed

88 2845 187 2898 quid
220 2845 280 2886 eis
313 2846 413 2886 fiet?
475 2846 797 2900 Transponendi
831 2850 943 2898 sunt,
974 2861 1058 2901 quo
1091 2847 1320 2901 pertinent,
1351 2848 1451 2899 post
1481 2860 1518 2886 v.
1535 2845 1603 2886 28.

157 2920 304 2946 Analecta
324 2920 419 2946 Pluut.
1299 2918 1320 2947 8
