1904 3106
674 161 966 205 *33*

64 269 273 313 editiones
306 273 405 313 ante
435 268 727 312 camerarium
734 304 745 325 ,
788 270 907 312 cuius
940 269 1154 323 scriptura
1183 267 1307 310 varie.
1340 264 1418 309 Ph.
1449 264 1584 308 errori

65 340 246 383 debetur
273 340 627 397 typographico)3
659 341 679 383 I
715 344 751 395 1,
781 341 838 383 49
868 340 970 394 quid
996 341 1101 382 isaac
1129 339 1330 392 quidnam
1361 341 1420 381 est
1448 335 1584 392 (quid-

65 427 166 456 nam
200 413 335 456 istuc?
375 414 478 466 quid
510 417 569 455 est
598 411 871 455 Camerarius
902 411 1036 454 edidit
1073 413 1211 453 metro
1244 409 1471 452 consulens
1486 404 1584 464 ²¹));

65 484 177 526 aliae
206 483 456 538 permultae.

181 553 274 597 Iam
304 568 402 596 vero
435 567 518 608 quo
550 567 707 608 quaeso
739 553 824 595 alio
863 552 1045 594 consilio
1077 551 1251 593 ductum
1290 551 1371 592 tibi
1409 564 1584 604 persua-

64 625 183 667 debis
213 624 425 680 Langium
462 625 507 666 in
545 624 736 678 margine
768 623 1025 677 exemplaris
1058 621 1353 665 Camerariani
1384 619 1583 663 Camera-

64 696 207 738 rianas
244 696 479 750 scripturas
516 695 784 749 ascripsisse,
821 695 904 736 nisi
940 698 990 736 ut
1027 694 1238 736 indicaret
1276 708 1301 735 a
1339 693 1430 735 suis
1461 692 1586 734 libris

63 766 164 808 illas
190 765 368 807 abesse?
411 766 585 807 Absunt
609 766 744 821 igitur
770 780 917 808 omnes
944 780 1050 820 quas
1077 780 1210 820 supra
1241 764 1366 820 posui
1398 763 1586 816 voculae,

65 837 219 892 quibus
257 836 294 878 si
331 850 485 891 operae
522 836 710 890 pretium
746 835 961 878 videbitur
996 850 1047 877 ex
1085 835 1179 877 sola
1209 834 1393 890 Epidico
1433 833 1587 875 addere

10 944 14 946 ,
64 907 164 949 licet
198 907 367 949 circiter
399 906 709 962 quinquaginta
746 905 925 962 (multas
964 921 1072 961 quae
1113 906 1226 961 apud
1263 905 1475 961 Langium
1514 904 1586 945 ab·

66 981 188 1020 erant
218 976 487 1020 Camerarius
524 977 568 1018 in
604 977 692 1019 suis
731 977 957 1020 invenerat
993 975 1138 1033 libris)
1181 976 1495 1031 nonnullasque
1537 989 1587 1016 ex

65 1046 324 1090 Cistellaria.
398 1047 450 1089 In
488 1047 582 1089 aliis
621 1048 736 1089 enim
773 1047 846 1090 ille
885 1048 1013 1089 aliam
1053 1050 1224 1090 secutus
1257 1049 1323 1089 est
1354 1044 1587 1088 adnotandi

66 1119 194 1161 viam.
254 1117 336 1161 Sed
373 1119 463 1160 noli
500 1119 670 1161 credere
700 1118 903 1160 Plautino
943 1119 1056 1162 hunc
1094 1133 1188 1161 esse
1219 1118 1390 1161 crimini
1421 1120 1587 1159 verten-

66 1189 167 1231 dum
197 1203 397 1243 errorem,
428 1204 523 1231 cum
549 1190 720 1232 lineolis
752 1190 824 1231 ille
856 1189 1067 1244 appositis
1099 1203 1206 1244 quas
1237 1188 1425 1244 expungi
1456 1187 1589 1229 vellet

69 1258 306 1315 designarit
335 1259 528 1319 voculas,
570 1260 615 1301 id
647 1260 759 1315 quod
791 1261 836 1302 in
868 1274 918 1301 ea
950 1262 1083 1313 certe,
1127 1274 1235 1315 quae
1274 1259 1380 1301 mihi
1412 1261 1586 1314 praesto

66 1332 146 1385 est,
176 1330 362 1372 editione
390 1329 683 1386 (Francofurti
708 1346 744 1373 a,
768 1331 879 1373 1593
911 1330 1026 1385 apud
1056 1329 1088 1372 I.
1101 1328 1393 1385 Wechelium)
1423 1329 1584 1371 factum

67 1414 159 1442 esse
188 1401 326 1451 video.
384 1401 509 1452 Quod
539 1403 639 1457 quid
677 1402 762 1444 sibi
797 1402 927 1444 vellet
962 1415 1099 1455 neque
1137 1400 1345 1442 Gruterus
1359 1398 1412 1455 ²²)
1450 1414 1587 1454 neque

68 1469 228 1529 Parcus
242 1469 294 1529 ²⁸)
326 1473 633 1514 intellexerunt
662 1487 800 1528 neque
832 1472 1016 1514 Bothius
1030 1470 1104 1527 ²4),
1146 1485 1282 1526 neque
1313 1471 1586 1525 nuperrimus

67 1540 206 1583 editor
236 1540 476 1598 Geppertus
491 1540 556 1598 ²⁵),
586 1546 635 1584 ut
665 1544 832 1584 taceam
864 1541 984 1585 alios.
1006 1559 1012 1562 ·

137 1645 197 1690 21)
227 1645 284 1680 Ne
310 1645 560 1680 Camerarium
593 1646 742 1690 quidem
772 1657 902 1681 verum
932 1645 1069 1681 vidisse
1094 1645 1302 1691 putaverim
1327 1645 1367 1680 in
1390 1646 1586 1681 tractando

65 1701 135 1738 hoc
159 1714 269 1739 versu
292 1716 401 1748 quem
427 1705 550 1741 delere
575 1717 688 1750 quam
713 1706 908 1741 emendare
934 1706 1146 1741 maluerunt
1163 1705 1272 1740 huius
1296 1703 1430 1739 aetatis
1455 1705 1586 1740 critici.

67 1759 288 1798 Scribendus
313 1764 479 1799 videtur:

277 1821 358 1858 Vae
382 1823 516 1859 misero
540 1823 649 1859 mihi:
675 1824 772 1859 male
798 1823 961 1869 perdidit
984 1834 1054 1858 me.
1105 1822 1193 1867 quid
1218 1822 1274 1857 ais
1298 1824 1366 1858 td?
1417 1822 1584 1858 THESP.

914 1882 1010 1925 Quid
1036 1883 1116 1917 est?
1225 1874 1230 1879 ’

68 1938 202 1974 Verbis
226 1941 317 1985 quid
339 1942 397 1976 ais
421 1945 461 1977 tu
486 1942 610 1988 pergit
633 1942 808 1987 Epidicus
833 1943 881 1977 ad
907 1942 1020 1977 aliam
1044 1952 1140 1983 rem;
1165 1940 1211 1976 cf.
1238 1940 1370 1975 Pseud.
1395 1953 1428 1976 v.
1450 1945 1537 1976 615:

278 2000 323 2035 Η.
351 1999 448 2042 Quid
469 2000 548 2036 illic
573 2012 696 2036 secum
722 2001 821 2036 solus
845 2001 1032 2045 loquitur?
1081 1999 1147 2035 PS.
1175 1998 1291 2041 Quid
1315 1999 1381 2034 ais
1406 2002 1470 2043 tu,
1495 2001 1584 2036 adu-

913 2061 1078 2095 lescens?
1126 2058 1173 2093 Η.
1200 2057 1296 2099 Quid
1321 2060 1402 2094 est?

70 2116 252 2169 Similiter
274 2118 495 2164 depravatus
521 2110 578 2154 est
602 2120 618 2154 Ι
645 2123 682 2164 1,
708 2123 771 2164 54,
809 2119 868 2154 cui
899 2129 1017 2163 aeque
1042 2116 1237 2152 commoda
1260 2117 1407 2152 medela
1431 2129 1504 2153 non
1530 2121 1587 2154 est

2 2212 7 2219 ¹
68 2174 107 2210 111
132 2178 316 2221 promptu.
366 2177 490 2213 Verba
513 2179 599 2213 sunt
622 2179 730 2213 haec:

281 2235 329 2271 Di
352 2236 581 2272 immortales
605 2238 648 2271 ut
671 2247 740 2281 ego
765 2236 891 2271 interii
909 2235 1074 2271 basilice.
1114 2233 1280 2269 THESP.
1309 2235 1408 2281 Quid
1426 2236 1502 2271 iam
1520 2239 1587 2271 aut

916 2295 1006 2339 quid
1029 2298 1104 2330 est?

68 2351 245 2388 Extrema
267 2353 381 2388 verba
404 2355 504 2389 recte
528 2353 668 2389 tradita
692 2364 771 2389 esse
796 2353 1020 2399 negaverim.
1059 2352 1216 2388 Videtur
1234 2354 1360 2388 autem
1380 2357 1446 2388 aut
1464 2364 1586 2388 merae

58 2409 348 2456 'dittographiae
372 2412 497 2447 deberi
522 2414 635 2457 (iam),
662 2420 702 2447 et
717 2413 806 2457 quid
831 2423 951 2448 errore
975 2411 1176 2457 repetitum
1195 2423 1285 2455 esse,
1304 2423 1373 2457 pro
1393 2423 1465 2457 quo
1484 2412 1586 2447 aliud

70 2469 262 2514 expulsum
287 2472 344 2505 est
367 2471 608 2514 vocabulum3
634 2471 738 2506 velut
761 2470 814 2506 sic
839 2470 952 2506 scribi
976 2471 1111 2516 possit:

212 2560 217 2563 ,
279 2527 327 2562 Di
362 2529 591 2564 immortales
628 2530 672 2564 111,
707 2540 776 2574 ego
813 2529 939 2564 interii
976 2529 1145 2565 basilice!
1195 2529 1362 2564 THESP.
1402 2484 1585 2571 Quidnam

918 2588 1044 2623 tibist?

140 2646 211 2690 22)
225 2644 347 2680 Semel
371 2644 435 2680 ille
461 2644 550 2689 quid
573 2655 701 2680 verum
726 2645 776 2680 sit
800 2645 1000 2690 perspexit:
1028 2646 1075 2681 cf.
1102 2647 1206 2691 Susp.
1234 2647 1249 2681 Ι
1274 2651 1307 2682 8.
1359 2645 1439 2688 Quo
1464 2645 1585 2691 magis

0 2721 6 2726 -
70 2702 204 2737 mirum
228 2704 295 2746 est,
320 2702 454 2747 quod
443 2715 482 2737 111
507 2702 636 2738 ceteris
661 2705 738 2738 tam
763 2713 894 2738 caecus
918 2703 1006 2739 fuit:
1033 2704 1077 2739 cf.
1105 2705 1161 2740 ed.
1188 2705 1448 2740 Taubmanno-
1452 2704 1584 2740 Grute-

69 2760 195 2796 rianae
219 2761 427 2806 Epid.12‚
454 2765 510 2797 13.

141 2821 203 2863 23)
233 2818 316 2854 Dici
341 2819 470 2864 nequit
493 2822 633 2865 quanta
655 2821 792 2858 Parcus
817 2822 971 2858 levitate
996 2834 1083 2857 usus
1113 2822 1151 2857 in
1183 2821 1373 2857 Analectis
1403 2821 1585 2857 Plautinis

71 2877 261 2922 repetierit
290 2878 498 2923 Langianas
528 2879 714 2915 lectiones.
778 2879 955 2922 Quotiens
989 2880 1086 2915 enim
1117 2879 1207 2924 quid
1237 2879 1309 2914 sibi
1340 2879 1481 2915 vellent
1510 2890 1585 2915 non

1255 2938 1303 2973 6*
