1904 3106
772 99 1062 141 -27—

157 209 208 250 ut
237 206 417 250 Plautus
454 206 538 249 hoc
574 205 628 248 ad
665 219 733 247 res
770 204 988 247 Romanas
1026 203 1300 248 transtulerit
1337 203 1531 245 versibus
1569 202 1608 257 I,
1640 204 1681 257 2,

162 279 219 322 39
238 293 329 334 sqq.
360 277 466 333 ipsis
498 291 666 332 quoque
697 275 1042 319 obscurioribus:

217 348 325 393 Ast.
372 347 443 390 An
472 349 521 390 tu
553 350 596 389 te
627 346 809 389 Veneris
839 346 1059 402 publicum
1091 349 1168 389 aut
1199 346 1374 388 Amoris
1407 345 1494 388 alia
1525 345 1621 402 lege

371 419 543 462 Habere
574 432 700 474 posse
731 418 946 473 p6stu1as‚
977 418 1082 473 quin
1113 418 1281 460 otiosus
1312 415 1426 458 fias?

217 490 291 534 Di.
367 489 450 532 Illa
487 489 596 532 haut
626 503 706 545 ego
744 489 901 531 habuit
936 489 1175 544 pliblicum:
1228 489 1431 543 pervorse
1472 487 1681 542 interpre-

1008 560 1136 614 tziris3

371 630 485 674 Nam
517 630 745 673 advorsum
785 631 926 687 legem
964 645 1032 673 me
1065 631 1120 673 6b
1152 645 1290 673 meam
1322 630 1579 684 scripturam
1612 644 1681 684 pe·

1009 701 1159 744 eudem
1192 701 1318 756 cepit.

218 772 325 815 Ast.
370 771 569 828 Plerique
600 772 712 814 idem
744 772 857 828 quod
888 775 935 815 tii
968 773 1076 815 facis
1107 771 1273 814 faciunt
1304 772 1365 814 rei
1379 771 1431 828 ⁵²)
1466 772 1576 813 male
1609 785 1680 827 ge-

1008 843 1162 886 rentis:

370 914 457 957 Ubi
487 916 576 956 n6n
607 917 673 957 est
704 914 961 970 scripturam
998 914 1113 956 iinde
1144 914 1267 969 dent,
1304 914 1505 957 inctisant
1542 912 1683 968 publi-

1008 987 1152 1028 cainos.

278 1057 359 1100 His
390 1057 619 1112 disputatis
651 1072 747 1099 cum
779 1057 886 1099 satis
918 1057 1156 1111 probabilis
1182 1056 1378 1099 videatur
1409 1071 1538 1112 quam
1571 1055 1684 1097 inter

161 1129 469 1171 Truculentum
513 1126 845 1183 Sicyoniumque
890 1126 1121 1168 statuimus
1169 1127 1402 1182 rationem,
1445 1126 1684 1182 periculum

162 1197 405 1241 faciendum
437 1200 541 1252 erat,
571 1212 674 1238 num
706 1212 758 1238 ex
788 1197 965 1239 incertis
996 1196 1221 1239 Menandri
1252 1197 1507 1253 fragmentis
1540 1199 1684 1238 essent

162 1284 270 1325 quae
301 1283 351 1311 ex
382 1268 630 1311 Truculenti
662 1269 982 1324 comparatione
1015 1267 1216 1324 Sicyonio
1255 1269 1462 1311 vindicari
1493 1269 1685 1323 possent.

164 1340 229 1382 Ac
269 1339 491 1382 fatendum
536 1341 601 1382 est
644 1339 756 1395 quod
799 1342 961 1381 certam
1004 1339 1201 1382 veritatis
1246 1340 1432 1395 speciem
1476 1340 1685 1395 praebeat

163 1413 333 1454 exstare
362 1425 449 1454 non
479 1410 626 1453 videri.
688 1410 955 1466 Quamquam
986 1403 1141 1466 fragm.
1173 1410 1417 1454 CXXXIII:

309 1506 399 1548 Νῦν
429 1504 467 1547 δ’
492 1504 585 1556 ἕρπ’
609 1504 682 1547 ἀπ’
707 1505 838 1548 οἴκων
869 1508 1006 1548 τῶνδε
1023 1520 1032 1529 ·
1058 1507 1137 1558 τὴν
1167 1510 1347 1556 γυναῖκα
1378 1505 1461 1558 γάρ

309 1577 387 1627 τὴν
418 1575 606 1629 cu'nppov'
624 1576 677 1618 οὐ
702 1579 767 1619 δεῖ
797 1578 872 1618 τὰ(
896 1577 1042 1629 τρίχα(
1072 1578 1227 1620 ξανθὰ(
1260 1580 1400 1619 ποιεῖν

161 1669 310 1725 negari
339 1685 427 1712 non
451 1672 596 1725 potest
620 1670 803 1725 quodam
830 1671 957 1713 modo
984 1671 1197 1727 attingere
1216 1686 1364 1714 versus
1384 1670 1439 1726 ΙΙ,
1459 1672 1499 1726 2,
1518 1671 1572 1713 31
1591 1685 1682 1727 sqq.

163 1738 301 1783 multo
332 1743 478 1783 tamen
507 1741 849 1783 vehementiores
880 1742 1263 1798 tumentioresque:

470 1835 604 1877 Abire
635 1836 735 1877 hinc
765 1835 815 1878 n1'
841 1851 1046 1892 properas
1078 1837 1247 1893 grandi.
1262 1837 1400 1893 gradu

223 1903 317 1946 Ι3111
352 1904 493 1947 hercle
530 1920 610 1961 ego
648 1907 758 1948 istos
802 1906 926 1949 fictos
964 1908 1224 1963 compositos
1262 1907 1424 1963 crispos
1462 1908 1682 1950 cincinnos

1011 1981 1109 2020 tuos

223 2035 526 2102 Unguentatos
556 2051 692 2103 lisque
724 2064 746 2090 e
778 2050 950 2091 cerebro
982 2050 1177 2092 evellam.

168 2115 362 2194 Itemque
405 2140 460 2182 ad
501 2141 675 2185 fabulae
717 2146 903 2198 partem,
946 2159 1031 2199 qua
1067 2143 1350 2186 Phronesium
1386 2144 1539 2186 introit
1576 2144 1684 2186 satis

166 2209 287 2322 ἓξὲξ,
316 2213 492 2266 totaque
522 2213 680 2255 florens
711 2229 761 2256 ac
791 2213 928 2256 nitide
956 2215 1099 2257 nitens
1124 2215 1340 2270 pertinere
1366 2215 1506 2268 possit
1530 2215 1684 2270 fragm.

280 2280 355 2322 LI:

424 2352 665 2405 Λελουμένη
697 2355 778 2406 γὰρ
809 2356 834 2407 ἡ
867 2355 1015 2407 ἑταῑρα
1027 2354 1082 2412 ⁵³)
1114 2357 1181 2398 καὶ
1212 2357 1419 2408 διαφανέε

426 2423 680 2476 χιτωνάριον
710 2425 876 2476 ἔχουςα.

263 2539 323 2582 52)
349 2537 402 2572 Cf.
428 2538 674 2584 Kiesslingius
698 2540 722 2576 l.
749 2553 775 2576 s.
803 2553 830 2576 s.
856 2553 891 2586 p.
918 2546 997 2576 624.

262 2598 322 2640 53)
352 2598 375 2639 ἡ
406 2598 549 2641 ἑταῖρα,
586 2598 655 2634 hoc
686 2601 842 2635 accentu
873 2601 1017 2635 exstans
1048 2601 1148 2645 apud
1172 2601 1425 2646 Eustathium‚
1465 2613 1548 2635 cum
1573 2599 1684 2635 metri

169 2653 292 2699 gratia
321 2654 408 2689 ferri
440 2666 514 2691 non
538 2657 671 2703 possit,
703 2659 891 2694 Bentleins
918 2658 1103 2694 Meinekio
1135 2659 1310 2705 probavit
1342 2659 1577 2694 scribendum
1608 2670 1686 2694 esse

167 2715 191 2756 ἡ
220 2714 333 2757 ’τέρας
371 2714 434 2749 sed
465 2714 588 2750 nescio
618 2727 666 2750 an
698 2727 767 2751 vox
797 2716 865 2751 illa
889 2716 1046 2752 subiecti
1070 2717 1244 2763 explendi
1270 2729 1380 2753 causa
1410 2717 1599 2762 adscripta
1623 2729 1683 2753 ex-

88 2813 95 2818 .
141 2787 154 2796 ·>
168 2771 306 2816 pulerit
330 2773 407 2808 sive
431 2773 586 2809 verbum
610 2773 798 2819 quoddam
822 2775 899 2811 sive
925 2776 1154 2822 adverbium,
1179 2777 1282 2813 velut
1306 2777 1478 2821 φαίνεται
1504 2775 1541 2821 (i.
1563 2787 1592 2812 e.
1620 2787 1684 2823 ap-

173 2832 294 2875 paret)
319 2831 379 2866 vel
404 2832 616 2876 (λελουμένη
642 2834 727 2878 γάρ)
751 2845 809 2868 τοι
833 2837 952 2869 καλῶς
978 2835 1036 2870 vel
1060 2835 1136 2870 tale
1162 2835 1262 2880 quid.
