1904 3106
362 186 593 230 Praeterea
625 189 771 230 autem
804 190 1227 233 commemorandum
1260 189 1382 246 duco,
1412 189 1441 233 J
1473 192 1643 247 saepius
1676 206 1774 235 con-

245 261 385 302 cinere
417 275 514 302 cum
548 260 734 302 secunda
766 276 908 316 manu,
940 276 1048 316 quae
1079 261 1117 303 B
1149 262 1337 304 codicem
1369 264 1573 320 correxit3
1605 264 1658 306 cf.
1688 263 1710 306 I
1739 265 1776 318 1,

243 333 302 373 44
333 330 588 387 (leyionem)3
638 331 679 373 ΙΙ
716 334 757 386 1,
789 333 817 373 5
854 330 1123 388 (familiam)3
1173 333 1238 375 III
1270 335 1315 388 2,
1347 334 1405 376 42
1438 332 1520 391 (me
1549 334 1773 391 equidem);

244 402 309 444 III
340 403 387 458 4,
419 404 446 444 5
485 401 871 460 (eommonstrasso).
934 391 1056 454 Quod
1094 405 1309 460 quomodo
1340 405 1473 448 faciat
1505 406 1558 448 ad
1591 407 1775 450 auctori-

248 476 386 515 tatem
425 473 515 515 eius
554 474 869 534 stabiliendam,
906 475 1032 517 facile
1072 476 1260 518 conicias
1299 491 1350 518 ex
1382 477 1443 519 eis
1475 492 1583 533 quae
1615 478 1701 520 dixi
1733 479 1775 520 in

246 544 512 587 Fleckeiseni
543 544 653 588 Nov.
686 546 828 588 annal.
860 546 945 588 vol.
981 547 1063 588 113
1097 546 1152 601 (a.
1190 547 1320 604 1876)
1353 563 1393 604 p.
1426 549 1512 591 352
1531 564 1594 605 sq.

367 615 446 658 Sed
486 631 538 658 ne
575 617 620 659 in
659 618 720 659 eis
758 618 932 673 quidem
969 618 1130 660 fabulis
1174 635 1283 675 quae
1325 621 1453 670 simul
1494 635 1544 663 ex
1582 620 1619 662 B
1657 624 1701 663 et
1737 621 1775 662 D

246 687 445 743 pendent,
477 687 506 730 J
536 702 713 743 prorsus
747 688 945 730 inutilem
978 704 1071 731 esse
1103 690 1220 733 hisce
1253 691 1399 733 credes
1431 692 1657 747 exemplis:

366 759 583 813 Amphitr.
616 774 652 801 v.
685 759 772 801 572
804 759 866 801 ita
898 760 1032 802 edidit
1064 760 1386 805 Fleckeisenus:

462 840 617 884 Merito
651 842 884 884 maledicas
916 844 976 884 mi
1009 844 1045 885 si
1079 845 1200 897 [non]
1234 844 1278 885 id
1310 845 1372 897 ita
1402 844 1621 888 factumst.

251 925 517 967 Removendi
543 929 644 967 sunt
676 925 833 980 uncini,
867 941 964 968 cum
995 940 1079 969 non
1110 927 1232 982 illud,
1264 927 1377 982 quod
1409 942 1434 970 a
1462 927 1544 970 BD
1570 929 1704 983 abest,
1734 929 1780 971 in

248 996 277 1038 J
302 1000 526 1039 ‘servatum
559 997 627 1039 sit.

367 1068 488 1110 Asin.
520 1083 559 1110 v.
591 1069 646 1111 98
679 1068 780 1111 talis
813 1071 879 1110 est
910 1069 956 1110 in
988 1068 1044 1110 B:

463 1151 564 1194 Non
596 1132 830 1194 offuturum
862 1152 899 1193 si
929 1151 1055 1194 hodie
1088 1153 1288 1196 effeceris.

257 1234 294 1275 l.)
328 1235 462 1276 habet
493 1236 563 1289 sit,
609 1234 721 1290 quod
759 1236 797 1277 si
828 1236 873 1277 id
901 1235 1212 1290 interpretatur
1242 1236 1506 1278 Ritschelius
1538 1236 1647 1279 Nov.
1679 1237 1782 1281 Exc.

250 1305 311 1348 Pl.
345 1321 383 1361 p.
416 1306 490 1361 933
522 1306 649 1360 idque
681 1306 824 1360 ipsum
855 1306 901 1347 in
931 1306 959 1348 J
992 1306 1228 1349 exhibetur.

372 1377 584 1431 Amphitr.
617 1392 654 1419 v.
690 1376 803 1419 1035
835 1377 879 1418 in
911 1376 998 1418 BD
1028 1377 1089 1419 sic
1120 1378 1324 1420 traditur:

464 1459 554 1502 Vos
596 1460 709 1502 inter
749 1474 826 1502 uos
867 1460 1026 1514 partite
1066 1459 1249 1515 (parcite
1281 1460 1353 1516 B):
1403 1475 1483 1517 ego
1524 1462 1631 1505 abeo
1672 1461 1811 1505 mihi'

862 1536 865 1538 '
1105 1531 1327 1587 negotium
1361 1534 1438 1575 est.

251 1615 551 1657 Fleckeisenus
584 1616 759 1656 auctore
791 1613 1030 1656 Ritschelio
1067 1613 1256 1670 (Proleg.
1287 1630 1328 1670 p.
1354 1607 1456 1671 130)
1488 1616 1569 1658 ista
1599 1615 1783 1658 inseruit

254 1688 366 1729 inter
406 1700 474 1728 vos
515 1689 558 1728 et
598 1687 721 1740 inter,
753 1701 878 1741 quem
911 1688 1062 1728 contra
1093 1685 1137 1728 C.
1169 1685 1215 1727 F.
1248 1685 1317 1728 W.
1348 1685 1582 1729 Muellerus
1615 1685 1780 1729 ‘Plaun

252 1757 387 1800 Pros.’
407 1773 446 1813 p.
468 1758 554 1799 355
586 1759 792 1811 dispertite
823 1757 1061 1812 proposuit.
1112 1756 1288 1799 Rectius
1321 1757 1425 1799 illud
1458 1772 1550 1800 esse
1581 1758 1706 1800 docet
1735 1758 1781 1800 J:

467 1839 557 1882 Vos
590 1841 703 1883 inter
734 1855 813 1883 uos
845 1841 968 1882 istaec
998 1840 1156 1895 partite
1188 1855 1222 1882 e.
1254 1854 1293 1894 q.
1325 1855 1357 1881 s.

254 1922 524 1978 Quamquam
557 1923 600 1965 id
632 1938 802 1979 quoque
833 1923 933 1965 licet
959 1923 1152 1965 conicere
1177 1921 1428 1964 Plautinum
1455 1937 1624 1964 versum
1650 1922 1782 1965 talem

253 1994 404 2036 fuisse:
534 1986 560 2005 ⁸

469 2042 588 2095 inter
620 2068 696 2096 vos
730 2054 863 2095 istaec
896 2053 1052 2108 partite
1086 2067 1119 2094 e.
1152 2067 1190 2108 q.
1225 2068 1256 2095 s.

377 2136 591 2191 Amphitr.
624 2152 661 2178 v.
695 2137 799 2178 627:

470 2217 549 2261 SO.
581 2218 743 2261 Ve'rum
777 2222 970 2261 actutum
1002 2220 1165 2261 nosces.
1211 2218 1309 2261 AM.
1336 2217 1501 2268 Quem?
1546 2217 1628 2260 So.
1653 2217 1783 2260 Illum

1110 2291 1262 2330 nosces
1295 2303 1463 2331 servom
1495 2287 1676 2330 Sosiam.

256 2373 339 2415 Pro
360 2372 531 2426 (11oesz
552 2386 692 2425 quam,
724 2372 763 2414 D
783 2373 865 2426 qud
896 2372 1070 2414 exhibet
1101 2385 1385 2426 personarum
1416 2371 1531 2413 notis
1563 2371 1608 2413 in
1640 2370 1781 2429 medio

257 2459 382 2486 versu
415 2443 558 2485 nullis.
608 2442 659 2484 In
690 2443 846 2498 quibus
879 2458 974 2485 cum
1002 2442 1159 2484 dudum
1187 2456 1253 2483 me
1273 2441 1384 2484 male
1405 2441 1629 2483 habuisset
1647 2454 1785 2484 nosces

257 2515 323 2557 bis
357 2515 567 2569 positum,
611 2516 658 2555 ut
695 2514 911 2568 posterius
949 2514 1106 2555 mirum
1143 2515 1351 2568 quantum
1383 2512 1582 2555 videatur
1613 2512 1784 2568 frigere,

257 2601 370 2627 nunc
402 2600 577 2639 prorsus
609 2585 715 2627 mihi
747 2585 943 2639 persuasi
968 2599 1138 2627 versum
1166 2585 1293 2626 aliter
1318 2583 1666 2626 constituendum
1691 2596 1783 2625 esse

259 2660 434 2712 propter
464 2656 491 2698 J
524 2657 682 2699 codicis
715 2657 966 2698 memoriam
999 2656 1128 2698 hanc:

473 2739 636 2781 Verum
663 2753 711 2781 ac
738 2741 878 2780 tutum
905 2753 1057 2780 nosces
1084 2739 1262 2794 inquam
1289 2738 1409 2780 illum
1436 2752 1587 2782 nosces
1615 2747 1783 2778 seruum

1114 2823 1288 2851 sosiam.
