1904 3106
641 145 960 188 -105—

46 255 153 298 Vide
199 255 247 298 G.
285 255 330 298 F.
361 255 430 296 W.
473 253 727 296 Muellerum
772 251 985 294 ‘Nachtn’
1023 267 1063 306 p.
1102 251 1200 304 125,
1252 249 1482 292 Luchsium
1526 249 1580 312 inx

47 325 327 369 Studemundi
359 324 478 368 Stud.
510 324 590 367 vol.
622 323 643 366 I
674 339 713 379 p.
745 323 815 377 54,
847 323 966 365 alios.
1029 322 1298 376 Quamquam
1330 335 1478 362 versus
1511 321 1568 362 45

45 412 101 440 ne
142 397 187 440 in
229 396 352 440 libris
395 395 566 452 quidem
610 394 804 437 senarius
848 396 932 447 est,
975 407 1071 435 cum
1110 391 1172 434 sic
1209 391 1408 446 incipiat:
1458 390 1570 446 ‘ipse

46 468 267 512 mandavit
295 466 445 520 mihi’,-
472 465 585 522 quod
615 465 835 508 trochaico
866 478 1043 506 numero
1076 461 1571 506 accommodatissimum

53 541 131 582 est.
191 528 372 582 Iacobus
403 538 466 580 ita
498 536 713 592 supplevit
725 534 779 592 9);

108 623 207 689 lpse
237 632 342 676 mihi
378 631 598 674 mandavit
627 630 769 673 multis
800 630 855 672 ab
886 630 1037 672 lenone
1070 631 1118 670 ut
1147 627 1324 670 fidicina

50 728 174 771 Unde
209 726 431 783 probabile
469 726 518 767 fit
563 726 605 767 in
645 724 912 767 antecedenti
950 738 1117 780 quoque
1149 737 1274 764 versu
1309 722 1471 778 aliquid
1503 739 1572 764 ex-

50 797 226 852 cidisse,
256 797 373 854 velut
402 796 509 839 tale:

140 891 253 934 Nam
298 893 414 933 certo
458 890 707 945 priusquam
751 889 850 931 hinc
894 888 1054 932 Thebas
1103 887 1158 930 ad
1207 888 1422 944 legionem
1467 888 1575 931 abiit

1181 959 1324 1003 domo.
1335 958 1384 1014 ¹⁰)

54 1046 207 1089 Restat
237 1061 275 1087 v.
294 1046 364 1100 22,
397 1059 523 1100 quem
554 1043 684 1085 variis
716 1043 1012 1086 conaminibus
1044 1045 1329 1086 tentaverunt
1368 1042 1452 1085 Sed
1477 1058 1574 1085 cum

53 1117 99 1159 in
128 1115 168 1158 A
199 1116 258 1158 sit
287 1129 494 1171 personae
526 1114 713 1170 spatium
745 1117 844 1168 post
875 1113 1203 1169 ‘percunctari',
1239 1116 1288 1155 ut
1318 1113 1576 1168 Thesprioni

54 1187 302 1230 tribuantur
332 1187 464 1228 verba
494 1185 734 1240 sequentia,
777 1185 891 1240 quod
922 1185 1015 1227 fieri
1046 1185 1217 1240 nequit,
1249 1184 1441 1240 suspicor
1473 1184 1577 1227 olim

56 1259 262 1314 scripturn
299 1256 434 1300 fuisse
474 1256 687 1310 Thesprio,
731 1255 845 1311 quod
882 1270 978 1297 cum
1013 1255 1213 1298 librarius
1254 1270 1331 1311 pro
1371 1269 1578 1310 personae

55 1332 159 1372 nota
201 1328 398 1383 haberet,
440 1328 589 1370 omisit
633 1327 775 1382 spatio
812 1327 975 1369 relicto.
1047 1327 1171 1370 Unde
1216 1328 1391 1383 elegans
1434 1325 1579 1368 evadit

58 1415 207 1443 versus
236 1399 329 1441 hic:

115 1493 382 1548 Percontari,
412 1493 637 1548 Thesprio!
670 1507 843 1547 operam
876 1493 947 1534 da:
979 1494 1111 1548 opera
1141 1493 1341 1535 reddetur
1373 1490 1526 1547 tibi.¹¹)

60 1669 228 1706 Loewius
253 1677 400 1715 mclgmls:
427 1668 496 1703 sibi
522 1668 654 1703 elicere
679 1679 786 1713 posse
811 1667 880 1703 visi
905 1669 1001 1703 suut.
1058 1667 1238 1703 Similiter
1263 1679 1296 1702 v.
1323 1671 1364 1702 71
1393 1679 1437 1702 ex
1463 1667 1493 1702 A
1518 1667 1582 1701 lux

1 1739 9 1743 ’
60 1729 216 1775 affinget
239 1739 322 1763 cum
350 1735 476 1762 Amx'r
504 1727 695 1770 exhibeat,
726 1739 799 1762 non
827 1736 988 1771 Amnm,
1015 1727 1116 1772 quod
1141 1726 1336 1762 adnotavit
1362 1726 1582 1771 Geppertus.

61 1789 191 1834 Itaque
228 1785 431 1822 rectissime
469 1785 613 1821 Brixius
643 1785 875 1821 Fleckeiseni
905 1786 997 1822 Nov.
1031 1786 1151 1822 annal.
1185 1786 1257 1821 vol.
1294 1790 1357 1821 101
1391 1787 1437 1829 (a.
1474 1788 1578 1828 1870)

63 1860 98 1893 p.
124 1851 192 1883 ’167
217 1857 365 1881 versum
392 1844 447 1880 ita
471 1844 612 1880 scribit:

275 1903 566 1949 Stratippoclem
591 1903 719 1939 aiunt
742 1903 967 1950 Periphanai
992 1903 1124 1940 filium.

158 1977 195 2019 9)
219 1974 428 2019 Leopoldus
452 1974 658 2009 Reinhardt
682 1974 721 2009 in
747 1974 991 2010 Studemundi
1017 1974 1123 2010 Stud.
1148 1974 1251 2010 vol.I
1271 1978 1389 2019 p.103
1404 1986 1457 2019 sq.
1485 1974 1582 2008 hunc

65 2046 212 2071 versum
247 2033 358 2069 simul
397 2044 480 2067 cum
511 2043 554 2068 eo
587 2033 651 2078 qui
681 2034 870 2069 antecedit
899 2035 938 2069 et
968 2034 1110 2069 duobus
1141 2033 1206 2079 qui
1237 2034 1480 2068 subsecuntur
1517 2044 1583 2077 pro

66 2093 200 2139 spuriis
223 2092 349 2136 habet,
374 2092 460 2136 qnia
485 2103 651 2137 pugnare
678 2092 874 2128 videantur
899 2104 982 2127 cum
1007 2093 1173 2128 versibus
1200 2097 1245 2129 56
1265 2105 1335 2137 sq.:

248 2168 255 2172 -
382 2149 478 2192 Quia
502 2150 639 2186 cotidie
664 2152 745 2195 ipse
770 2151 818 2186 ad
841 2162 900 2186 me
927 2151 974 2186 ab
998 2150 1146 2196 legione
1171 2151 1348 2196 epistulas

275 2209 463 2244 Mitte'bat.
496 2208 560 2244 sed
584 2210 728 2244 taceam
754 2211 984 2254 optumumst
1009 2220 1039 2244 e.
1066 2221 1100 2253 q.
1127 2221 1154 2244 s.

0 2301 6 2304 .
70 2269 223 2312 Quaerit
246 2268 345 2304 enim
369 2267 629 2311 Reiuharfflms,
655 2267 744 2312 quid
768 2267 807 2303 id
833 2267 883 2303 sit
906 2268 1004 2312 qnod
1030 2268 1182 2303 reticere
1208 2268 1300 2303 velit
1325 2279 1451 2303 servus
1477 2267 1586 2302 modo

68 2338 212 2363 omnem
237 2338 315 2362 rem
340 2326 533 2372 professus.
574 2326 646 2362 Sed
670 2326 815 2362 fallitur
839 2326 896 2362 vir
920 2327 1061 2362 doctus.
1105 2326 1163 2361 Ad
1187 2327 1414 2371 spectatores
1439 2326 1507 2361 illa
1532 2326 1585 2361 lo-

69 2388 174 2422 cutus
204 2387 286 2422 erat
315 2385 508 2430 Epidicus,
546 2397 700 2430 quorum
731 2397 843 2421 causa
866 2386 997 2421 fabula
1021 2386 1219 2431 agebatur,
1256 2387 1294 2421 et
1318 2385 1367 2421 ab
1391 2385 1462 2420 hac
1488 2386 1586 2420 certe

69 2443 282 2481 recensione
306 2443 368 2479 vix
392 2445 548 2494 possunt
571 2443 629 2478 illi
651 2455 778 2504 {tersus
803 2443 944 2479 abesse.

167 2517 223 2558 10)
253 2514 411 2550 Videtur
439 2515 674 2550 membranae
706 2514 870 2550 defectus
895 2525 1008 2549 causa
1029 2511 1186 2549 lacunae
1212 2524 1309 2556 esse,
1340 2515 1383 2548 ut
1407 2526 1440 2548 v.
1468 2517 1509 2548 41
1533 2526 1587 2558 sq.

31 2566 40 2572 ’
71 2574 251 2610 secundae
275 2583 430 2609 scaenae
454 2572 565 2617 primi
588 2573 692 2607 actus
717 2571 790 2616 (B):

282 2631 388 2667 Unde
411 2631 515 2667 libet.
540 2642 626 2666 nam
651 2631 690 2666 ni
700 2630 753 2678 sss]
765 2632 852 2666 ante
877 2631 954 2666 sole
980 2642 1151 2666 occasum
1175 2630 1233 2665 elo
1250 2657 1374 2665 ......

284 2691 406 2725 Meam
431 2690 582 2725 domum
606 2701 651 2725 ne
675 2689 895 2725 inbitastute
920 2689 1155 2734 inpiati-inum
1171 2716 1296 2725 ......

172 2749 228 2792 11)
254 2748 356 2783 Idem
379 2748 518 2783 factum
543 2758 621 2782 esse
646 2747 776 2783 statuit
800 2748 955 2783 Bothius
980 2747 1030 2781 IV
1060 2752 1090 2790 l,
1116 2751 1173 2790 26,
1198 2758 1309 2790 quem
1334 2746 1388 2781 ita
1414 2746 1558 2782 scribit:

285 2805 470 2842 Fabulata
499 2816 546 2841 es.
595 2805 719 2841 PHIL.
752 2806 847 2841 Mira
876 2817 1059 2841 memoras
1090 2804 1308 2849 Periphane.
1365 2804 1469 2839 PER..
1508 2804 1587 2848 Em,

1167 2862 1265 2899 istuc
1290 2862 1426 2898 rectius
1451 2873 1482 2898 e.
1503 2874 1539 2907 q.
1559 2875 1587 2899 s.
