1904 3106
901 45 1195 87 -56-

283 166 322 193 v.
358 151 458 193 120:

498 221 620 264 Adeo
654 221 871 277 modesto,
903 221 1009 264 adeo
1042 223 1238 277 venusto,
1270 224 1321 264 ut
1350 220 1419 263 n1'l
1451 237 1582 278 supra
1597 221 1677 280 ¹⁰¹).

403 317 496 359 Iam
528 331 630 359 vero
664 315 718 358 ad
748 314 1104 371 interpolationes
1137 318 1186 358 ut
1216 316 1404 371 redeam,
1435 330 1606 360 versum
1638 319 1683 360 2:

502 410 681 452 Amanti
713 410 814 452 dum
846 409 890 452 id
920 408 1137 465 perdiscat
1168 412 1274 466 quot
1303 411 1455 466 pereat
1484 411 1625 455 modis

285 508 411 548 teneo
452 504 591 547 adhuc
628 504 784 547 misere
824 519 875 546 ex
907 504 1091 546 aliorum
1122 519 1324 546 versuum
1355 504 1551 548 frustulis
1584 508 1816 551 conflatum

289 591 401 631 esse,
433 591 530 618 cum
562 575 786 631 imprimis.
806 579 903 629 quot
933 576 1065 618 modis
1087 579 1232 629 pereat
1261 590 1388 618 versu
1419 576 1447 619 5
1478 577 1647 620 rediens
1678 580 1817 621 mani-

287 648 443 690 festam
469 646 621 688 reddat
645 646 1034 700 interpolationem.
1078 646 1245 688 Eadem
1264 648 1352 690 fere
1371 648 1540 691 ratione
1559 648 1815 692 Boeckelius

287 721 315 762 1.
348 734 378 761 s.
413 734 445 761 s.
476 733 516 773 p.
536 718 592 760 28
625 732 798 759 versum
824 718 882 760 20
914 718 969 760 ob
1002 732 1152 760 versus
1187 718 1240 760 13
1274 718 1604 762 similitudinem
1633 721 1818 775 proscri-

288 791 432 833 bebat.
500 789 636 845 Atqui
673 788 827 831 horum
864 804 1064 831 versuum
1104 790 1236 832 aliam
1268 790 1563 833 condicionem
1595 806 1687 834 esse
1719 806 1819 835 con-

290 861 436 916 tendo,
468 863 516 902 ut
548 861 615 902 vel
647 859 911 902 desideretur
943 859 1105 915 aliquid
1137 860 1334 904 oratione
1366 861 1478 904 nude
1505 877 1554 905 ac
1578 862 1718 905 ieiune
1743 877 1822 918 per

291 948 461 976 versum
496 930 548 974 19
581 931 716 974 finita.
776 931 891 974 Nam
923 947 961 973 v.
986 932 1056 974 13:

505 1027 713 1082 Temptat
743 1027 1013 1083 benignusne
1047 1028 1103 1068 an
1134 1027 1273 1069 bonae
1305 1026 1424 1087 frpgi
1452 1028 1537 1070 sies

293 1123 497 1180 quoniam
529 1125 734 1178 tanquam
767 1121 1108 1177 propositionem
1140 1122 1332 1165 continet
1362 1136 1511 1165 eorum
1543 1138 1651 1179 quae
1677 1139 1823 1166 secun-

292 1199 375 1251 tur,
409 1194 633 1250 aptissime
666 1193 826 1235 eisdem
857 1207 994 1248 paene
1027 1193 1171 1235 verbis
1204 1193 1423 1236 conclusio
1454 1193 1522 1236 fit:

506 1289 663 1332 Itidem
694 1288 769 1331 isti
801 1291 981 1344 amator,
1013 1288 1075 1330 sei
1105 1287 1149 1330 1'd
1181 1288 1293 1344 quod
1326 1290 1476 1330 oratur
1506 1288 1623 1331 dedit

509 1360 652 1416 Atque
685 1362 751 1402 est
782 1360 992 1416 benignus
1024 1360 1171 1415 potius
1203 1375 1332 1415 quam
1363 1359 1483 1416 frugi
1509 1360 1660 1403 bonae.

416 1456 530 1499 Huic
568 1458 712 1498 autem
750 1455 1073 1498 ratiocinationi
1110 1457 1285 1497 nostrae
1324 1469 1378 1497 ne
1419 1455 1661 1510 exemplum
1701 1454 1826 1508 desit,

297 1529 565 1571 simillimum
592 1542 642 1569 ex
669 1526 880 1569 orationis
907 1526 1249 1568 conformatione
1276 1525 1427 1568 afferre
1451 1524 1581 1569 liceat
1598 1524 1824 1567 Menandri

295 1602 589 1656 fragmentum
620 1598 702 1640 inc.
732 1598 818 1640 fab.
849 1598 929 1640 IX:

511 1694 648 1737 Ὅταν
681 1694 838 1736 εἰδέναι
871 1695 996 1749 θέλῃς
1029 1694 1208 1736 εεαυτὸν
1239 1693 1351 1736 ὅετιε
1382 1692 1430 1745 εἶ,

513 1766 732 1818 ἔμβλεψον
765 1766 824 1808 εἰ(
855 1766 908 1807 τὰ
940 1765 1129 1818 μνήμαθ’,
1161 1765 1219 1807 u‘uc
1251 1764 1498 1816 ὁδοιπορεῖ(
1514 1761 1595 1824 ¹⁰²).

513 1835 682 1880 ἐνταῦθ’
714 1836 846 1879 ἔνεετ’
877 1837 979 1879 ὀετᾶ
1010 1851 1056 1879 τε
1088 1837 1156 1878 καὶ
1187 1836 1328 1888 κούφη
1362 1835 1477 1878 κόνι(

514 1908 685 1960 ἀνδρῶν
720 1909 925 1961 βαειλέων
957 1909 1024 1950 καὶ
1055 1908 1279 1960 τυράννων
1311 1907 1378 1949 καὶ
1410 1908 1570 1958 (οφῶν,

421 1991 441 2022 5
515 1981 583 2022 καὶ
615 1980 723 2031 μέγα
755 1980 1039 2032 φρονούντων
1071 1979 1142 2022 ἐπὶ
1171 1979 1286 2029 γένει
1318 1978 1387 2020 καὶ
1418 1978 1640 2030 χρήμα(ιν,.

514 2052 657 2094 αὐτῶν
689 2065 734 2094 τε
768 2051 869 2106 δόξῃ
902 2050 1002 2093 κάπὶ
1033 2051 1178 2093 κάλλει
1210 2049 1425 2102 εωμάτων.

515 2122 609 2164 ἀλλ’
641 2122 771 2165 οὐδὲν
803 2122 946 2165 αὐτῶν
978 2121 1104 2165 τῶνδ’
1137 2122 1365 2174 ἑπήρκεεεν
1398 2119 1566 2172 χρόνος.

516 2194 662 2236 κοινὸν
694 2195 771 2236 τὸν
804 2194 911 2248 ᾅδην
944 2194 1070 2246 ἔεχον
1102 2193 1142 2235 οἱ
1174 2192 1332 2235 πάντες
1365 2191 1520 2245 βροτοί.

517 2266 626 2317 πρὸ(
658 2264 776 2308 ταῦθ’
807 2264 923 2316 ὁρῶν
954 2264 1159 2315 γίγνωεκε
1191 2263 1346 2306 (αυτὸν
1378 2261 1490 2304 ὅετι(
1521 2261 1568 2304 εἶ.

403 2433 483 2476 101)
504 2430 558 2465 De
579 2431 646 2465 etsi
664 2440 747 2464 oum
767 2428 971 2465 Ritschelio
991 2428 1083 2464 facit
1101 2428 1164 2473 qui
1183 2438 1301 2473 nuper
1320 2427 1439 2462 totam
1459 2426 1556 2460 hanc
1574 2424 1830 2470 quaestionem

306 2492 479 2527 accurate
510 2490 728 2525 retractavit
759 2489 799 2525 Ο.
826 2489 1059 2534 Brugmanus
1089 2488 1113 2523 1.
1141 2500 1167 2524 s,
1194 2499 1220 2522 S.
1252 2499 1288 2532 p.
1314 2490 1376 2530 23,
1410 2485 1476 2531 qui
1500 2484 1599 2530 quod
1624 2484 1713 2520 adeo'
1736 2481 1832 2518 illud

306 2550 345 2585 in
371 2548 618 2594 suspicionem
645 2560 777 2584 vocare
804 2560 913 2584 ausus
939 2548 1011 2591 est,
1046 2546 1155 2582 valde
1188 2545 1319 2581 dubito
1344 2556 1392 2580 an
1417 2544 1591 2589 cuiquam
1615 2552 1832 2594 processura

308 2610 358 2645 sit
383 2608 560 2644 correctio
587 2619 715 2644 versus
741 2606 993 2642 venustissimi
1018 2607 1132 2651 atque
1158 2603 1399 2650 integerrimi.

405 2681 488 2724 102)
515 2679 588 2715 An:
615 2681 798 2723 ἔμβλεψον
824 2678 874 2713 εἰ(
898 2678 945 2712 τὰ
971 2677 1129 2721 μνήματ’
1155 2678 1206 2711 ὡς
1231 2675 1475 2719 ὁδοιπόροεῖ
1530 2672 1628 2708 Nam
1660 2673 1711 2707 ὡς
1736 2672 1832 2707 ὁδοι-

307 2744 432 2784 πορεῖ(
459 2738 577 2783 ‘vix’,
604 2750 647 2773 ac
672 2749 718 2773 ne
744 2736 805 2772 vix
830 2735 998 2781 quidem,
1027 2735 1180 2770 ‘sanum
1205 2734 1303 2770 esse’
1331 2734 1379 2769 ob
1403 2731 1625 2768 insolentem
1650 2729 1831 2776 significa-

308 2800 447 2835 tionem
474 2800 572 2842 dum,
597 2798 744 2843 quando
770 2795 975 2832 Meinekius
1001 2793 1198 2840 perspexit.
