1904 3106
896 55 1190 98 —72-

399 161 517 211 Quae
562 162 696 205 verba.
735 162 809 217 qui
851 162 1134 217 reputaverit,
1172 164 1294 205 certe
1335 163 1553 206 dubitabit
1588 163 1617 206 J
1655 165 1812 208 codicis

279 233 583 276 auctoritatem
609 233 731 288 parvi
750 233 947 288 pendere,
968 234 1041 289 qui
1062 248 1112 276 ex
1133 234 1281 276 eodem
1300 234 1419 276 fonte
1440 236 1680 279 manaverit
1698 237 1809 279 unde

283 303 380 345 BD.
424 303 519 346 Hoc
546 308 690 347 autem
716 305 955 347 rectissime
984 306 1187 348 statuisse
1213 306 1503 348 Ritschelium
1533 307 1667 350 miror
1699 309 1813 364 quod

282 374 542 431 Wagnerus,
573 377 646 431 qui
680 376 797 418 solus
830 379 929 431 post
959 377 1085 419 illum
1117 378 1359 420 accuratius
1390 377 1504 421 hunc
1536 379 1697 422 librum
1726 383 1812 423 tra·

281 446 427 501 ctavit‚
465 447 572 490 adeo
609 463 697 490 non
727 448 966 502 perspexit,
997 450 1046 489 ut
1076 452 1313 491 correctum
1347 464 1444 491 eum
1482 464 1574 492 esse
1611 467 1637 493 a
1673 447 1841 507 gram-¹

279 518 438 560 matico
495 519 626 561 medii
684 519 795 562 aevii
852 519 935 561 sibi
991 520 1270 574 persuaderet
1331 520 1513 576 ideoque
1573 522 1690 565 haud
1750 523 1814 565 ita

280 590 465 632 multum
509 590 563 632 ad
595 605 687 632 rem
731 591 926 633 criticam
971 591 1248 634 exercendam
1292 592 1432 634 valere
1443 591 1490 648 ²).
1554 593 1648 644 Qua
1683 594 1731 636 in
1766 610 1812 637 re

281 675 457 715 prorsus
497 676 594 703 eum
633 661 779 716 opinio
819 661 989 703 fefellit.
1048 662 1164 704 Nolo
1198 662 1390 718 singulas
1424 663 1516 706 eius
1548 665 1812 708 ratiunculas

282 731 363 773 hoc
395 732 490 774 loco
522 747 791 787 percensere,
836 747 932 774 cum
970 733 1078 775 satis
1116 733 1174 775 sit
1206 749 1336 776 unum
1368 735 1612 790 exemplum
1643 737 1809 792 afferre,

279 817 364 853 quo
396 817 489 844 rem
520 803 707 846 maxime
740 804 927 846 stabiliri
959 804 1032 846 ille
1065 805 1266 859 opinatus
1300 807 1378 847 est.

399 886 540 929 Aulul.
572 886 615 928 II
647 888 686 942 8,
718 887 775 929 23
808 885 935 944 (241)
967 887 1031 929 ita
1063 887 1292 930 exhibetur
1323 889 1366 930 in
1398 888 1453 931 B:

338 979 510 1023 Nimirfl
538 982 719 1024 occidor.
744 981 830 1024 nisi
858 995 937 1038 ego
964 981 1079 1024 intro
1106 981 1190 1024 huc
1218 997 1399 1037 propere
1425 998 1609 1039 propero
1631 1000 1814 1042 currere,

280 1076 437 1123 Exstat
475 1077 512 1119 is
545 1092 692 1119 versus
730 1077 844 1119 inter
875 1077 1039 1119 medios
1072 1076 1283 1119 iambicos
1316 1078 1528 1134 senarios,
1572 1079 1685 1135 quod
1718 1095 1814 1122 cum

279 1148 370 1190 fieri
408 1163 495 1190 non
531 1163 658 1203 posse
697 1149 988 1203 perspexisset
1018 1148 1243 1191 Bentleius
1289 1150 1360 1204 (ad
1392 1149 1690 1194 Heautontim.
1720 1151 1742 1194 I
1777 1152 1813 1205 l,
1880 1172 1883 1173 ⁷

280 1218 373 1275 20),
417 1219 552 1262 fretus
597 1220 856 1263 auctoritate
886 1221 915 1263 J
947 1220 1127 1275 codicis,
1171 1221 1244 1276 qui
1280 1218 1455 1275 propere
1492 1222 1671 1278 omittit,
1701 1222 1814 1265 hunc

284 1290 477 1333 restituit
509 1291 746 1334 senarium:

342 1384 562 1428 Nimirum
594 1386 786 1441 occidor,
817 1386 864 1428 ni
895 1386 1011 1428 intro
1043 1386 1127 1429 huc
1158 1402 1343 1442 propero
1376 1389 1557 1430 currere.
1584 1418 1587 1419 ν

282 1480 419 1530 Quem
452 1484 604 1524 contra
634 1482 875 1524 rectissime
901 1481 1167 1524 Ritschelius
1187 1482 1386 1539 Prolegg.
1406 1498 1447 1538 p.
1461 1481 1617 1525 CXXX
1645 1499 1814 1527 versum

280 1551 551 1594 trochaicum
584 1552 697 1594 inter
726 1552 970 1594 trochaicos
1003 1555 1104 1608 post
1137 1552 1179 1595 ΙΙ
1211 1554 1250 1607 2,
1282 1554 1339 1596 65
1370 1555 1653 1609 transposuit.
1721 1555 1815 1606 Qua

283 1638 327 1664 re
369 1623 432 1665 ita
469 1623 664 1665 abutitur
695 1623 957 1680 Wagnems,
1003 1627 1052 1666 ut
1089 1628 1376 1667 correctorem
1416 1625 1611 1668 consulto
1650 1628 1816 1669 statuat

282 1693 485 1736 omisisse
529 1693 636 1736 illud
670 1709 862 1748 propere,
906 1710 991 1750 quo
1034 1695 1268 1738 iambicum
1310 1695 1572 1738 versiculum
1615 1696 1814 1740 efficeret.

283 1765 399 1809 Nolo
437 1781 774 1808 commemorare
818 1768 1102 1808 correctorem
1139 1766 1222 1808 hoc
1262 1767 1298 1808 si
1330 1765 1540 1808 voluisset
1569 1767 1616 1825 ni
1645 1782 1814 1823 quoque

283 1853 360 1892 pro
391 1838 477 1880 nisi
507 1837 705 1879 debuisse
735 1836 980 1890 restituere,
1024 1836 1139 1892 quod
1176 1852 1264 1879 non
1302 1837 1425 1891 fecit3
1468 1851 1547 1879 nec
1578 1837 1622 1880 id
1652 1852 1815 1893 premo,

285 1908 496 1964 plurimos
535 1922 685 1950 versus
723 1907 862 1949 multo
900 1897 1192 1963 corruptiores
1223 1907 1403 1950 eundem
1436 1911 1720 1951 correctorem
1750 1909 1814 1951 in-

280 1982 422 2023 tactos
449 1979 694 2034 reliquisse:
723 1973 829 2034 'quid
855 1993 1015 2034 quaeso
1042 1978 1279 2034 simplicius
1306 1979 1491 2035 cogitari
1515 1982 1662 2036 potest
1686 1995 1814 2036 quam
1876 2031 1880 2033 ι

274 2064 446 2104 propere
478 2053 579 2092 ante
602 2063 778 2104 propero
809 2065 927 2092 mero
961 2064 1103 2092 errore
1130 2050 1428 2093 intercidisse?
1475 2050 1569 2101 Qua
1593 2065 1639 2093 re
1666 2065 1814 2094 caven-

282 2121 384 2163 dum
422 2124 489 2163 est
526 2136 579 2163 ne
618 2121 687 2163 vel
725 2121 948 2163 tantillum
985 2122 1064 2163 tali
1105 2125 1361 2178 argumento
1394 2122 1578 2176 tribuas;
1621 2121 1815 2178 alioquin

281 2192 432 2247 quovis
464 2192 647 2247 pignore
680 2192 891 2248 spondeo,
922 2207 990 2234 me
1022 2192 1416 2235 demonstraturum
1452 2207 1559 2246 esse,
1590 2190 1623 2234 C
1645 2207 1813 2248 quoque

282 2278 375 2305 esse
408 2266 647 2305 correctum
681 2264 898 2318 exemplar
929 2263 1088 2306 codicis
1121 2263 1156 2304 B
1189 2264 1256 2306 vel
1288 2263 1324 2305 B
1357 2264 1515 2306 codicis
1536 2262 1570 2306 G
1602 2261 1688 2319 (vel
1720 2263 1812 2305 eius

283 2332 449 2389 fontis).
497 2333 677 2376 Prorsus
705 2337 849 2376 autem
876 2334 988 2376 ratio
1015 2349 1082 2375 me
1109 2334 1222 2390 fugit
1248 2349 1333 2389 qua
1364 2334 1516 2377 ductus
1548 2334 1815 2390 epigramma

353 2500 388 2542 2)
402 2496 455 2533 cf.
470 2497 585 2542 praef.
601 2497 723 2532 Aulul.
738 2510 773 2543 pf
784 2497 854 2533 XI:
878 2497 928 2533 ‘lt
940 2509 1060 2533 seems
1073 2499 1112 2533 to
1127 2508 1185 2533 me
1206 2498 1301 2532 from
1316 2497 1380 2532 the
1393 2497 1580 2532 instances
1599 2497 1711 2543 given
1728 2497 1813 2533 that

279 2557 301 2591 J
327 2556 359 2592 is
385 2569 408 2592 a
433 2557 622 2592 corrected
648 2568 743 2602 copy
769 2557 810 2592 of
832 2568 879 2592 an
899 2557 1101 2603 archetype
1121 2556 1245 2592 which
1264 2556 1439 2592 followed
1459 2556 1609 2592 allmost
1625 2555 1690 2591 the
1710 2566 1811 2591 same

282 2615 475 2652 recension
494 2627 535 2651 as
553 2615 594 2659 B,
619 2615 766 2661 though
791 2615 896 2651 there
921 2626 1018 2651 were
1044 2615 1187 2650 several
1212 2615 1485 2660 discrepaneies
1503 2615 1673 2650 between
1690 2614 1810 2658 them3

281 2675 351 2710 but
375 2686 416 2709 as
440 2675 481 2709 to
506 2673 571 2709 the
595 2675 744 2719 present
768 2665 864 2709 state
891 2674 933 2709 of
952 2674 974 2709 J
998 2673 1110 2718 itself,
1136 2673 1168 2709 it
1191 2674 1223 2708 is
1248 2673 1288 2708 in
1313 2684 1425 2719 every
1450 2675 1598 2720 respect
1619 2673 1731 2708 much
1756 2673 1808 2708 in-

281 2732 394 2768 ferior
418 2734 458 2768 to
485 2733 514 2767 B
540 2732 613 2768 and
639 2734 739 2768 must
764 2733 810 2768 be
836 2733 927 2768 used
954 2732 1074 2768 which
1094 2732 1204 2768 much
1226 2731 1386 2776 cantion,
1413 2733 1513 2768 since
1532 2742 1588 2767 we
1608 2742 1678 2766 ean
1696 2742 1810 2767 never

281 2792 391 2826 know
423 2792 526 2827 what
557 2791 587 2827 is
618 2791 735 2837 really
766 2791 837 2827 due
863 2793 902 2827 to
928 2791 976 2826 its
1002 2790 1203 2836 archetype
1231 2802 1271 2826 or
1297 2791 1399 2828 what
1423 2793 1463 2828 to
1487 2791 1537 2827 its
1563 2790 1808 2828 emendator’.
