1904 3106
71 203 209 260 frugis
246 202 335 245 sint
377 201 431 244 ad
468 200 611 243 studia
647 198 849 241 Plautina
893 196 1203 251 promovenda,
1245 199 1294 237 ut
1331 194 1468 236 multa
1505 206 1594 234 cor·

70 274 267 330 ruptiora
315 271 544 314 exhibeant
594 270 726 312 verba
774 271 927 324 poetae
971 281 1097 322 quam
1148 266 1278 308 ceteri
1328 264 1447 318 libri,
1496 278 1595 305 cum

73 344 246 387 omissis
289 343 396 385 satis
439 340 590 383 multis
632 339 812 381 vocibus
858 352 964 392 quas
1008 336 1233 379 Plautinas
1276 350 1369 377 esse
1412 337 1596 387 constat,

71 418 166 458 tum
205 413 341 456 illatis
382 411 481 454 aliis
522 425 631 466 quae
674 411 822 463 aperte
865 423 968 463 prae
1009 422 1054 449 se
1093 407 1239 449 ferunt
1283 407 1595 462 glossematum

73 484 270 541 speciem.
319 482 453 524 Velut
483 481 638 522 desunt
667 479 793 535 Epid.
825 479 844 520 l
870 480 905 532 1,
924 479 951 519 6
983 478 1116 519 verba
1145 478 1183 520 si
1212 475 1404 531 clabis²⁸),
1434 475 1594 517 ibidem

72 570 110 598 v.
141 554 198 597 39
234 553 448 609 posterius
484 565 626 606 causa,
670 552 820 592 contra
852 564 892 591 v,
923 549 950 590 2
979 561 1071 590 vero
1102 547 1258 590 obsecro
1290 546 1518 588 exhibetur
1550 549 1591 588 et

73 641 113 668 v.
132 626 159 668 8
190 625 286 667 huic
313 624 445 667 ventri
470 623 610 677 qratia
641 624 683 663 et
716 636 752 662 v.
773 621 830 662 90
859 620 961 673 quid
986 620 1174 671 simiam?
1205 618 1360 671 aliqua.
1417 616 1596 659 Accedit

71 696 184 752 quod
219 695 350 738 trium
388 693 582 736 codicum
619 692 858 746 scripturae
901 690 964 732 ita
1014 690 1336 732 contaminatae
1382 690 1502 741 sunt,
1550 690 1598 730 ut

72 767 175 823 quid
211 767 257 808 in
295 779 461 821 quoque
506 764 638 806 fuerit
682 761 907 804 diiudicari
945 762 1141 815 nequeat.
1209 759 1328 809 Quae
1366 762 1522 801 cuncta
1560 758 1597 799 si

72 837 167 894 quis
197 835 474 892 reputaverit,
505 849 592 877 non
627 833 777 876 dubito
804 833 907 887 quin
942 832 1159 886 impurum
1194 831 1309 872 hunc
1339 831 1505 873 fontem
1539 829 1596 871 sit

71 907 389 963 repudiaturus,
428 905 537 947 unde
569 905 606 946 si
642 903 743 959 quid
780 902 883 944 boni
921 902 1011 956 peti
1048 901 1206 956 possit,
1248 901 1292 942 id
1329 900 1466 954 casui,
1509 915 1596 942 non

71 977 206 1022 fontis
238 975 530 1032 praestantiae
562 975 619 1016 sit
648 973 933 1016 tribuendum.

181 1165 279 1218 §¹3.
340 1163 410 1206 De
453 1163 724 1206 codicibus
766 1162 1060 1204 Burneiano
1105 1162 1202 1204 227
1249 1164 1297 1202 et
1343 1161 1488 1203 Otto—

642 1233 866 1276 boniano
907 1233 1019 1275 687.

191 1341 308 1391 Quas
357 1355 488 1395 supra
535 1340 867 1383 memoravimus
910 1338 938 1381 J
988 1338 1144 1381 codicis
1194 1338 1389 1391 lacunas,
1438 1352 1511 1379 eae
1552 1338 1595 1379 in

75 1412 272 1454 omnibus
297 1414 394 1454 octo
419 1412 612 1466 priorum
631 1411 874 1453 fabularum
894 1409 1112 1452 codicibus
1131 1409 1405 1464 reperiuntur
1422 1411 1597 1464 praeter

74 1497 217 1536 unum,
248 1482 302 1524 ad
333 1496 459 1537 quem
489 1496 601 1523 nunc
632 1481 768 1524 venio.
807 1480 1101 1522 Burneianum
1131 1480 1228 1522 dico
1255 1480 1355 1533 227,
1387 1493 1514 1534 quem
1534 1478 1597 1520 ita

74 1551 277 1595 describit
307 1551 570 1607 Hildyardus
601 1567 642 1607 p.
671 1551 795 1594 XIII:

195 1621 370 1665 “Codex
401 1623 671 1666 Burneianus
703 1623 801 1664 227.
852 1622 1077 1671 Quondam
1108 1621 1224 1663 Petri
1258 1621 1480 1676 Podalyrii
1511 1620 1596 1662 An-

167 1765 229 1807 28)
258 1762 328 1798 Hic
352 1774 479 1799 versus
512 1764 551 1798 et
581 1763 613 1798 is
644 1763 707 1807 qui
739 1763 904 1807 proxime
937 1761 1129 1807 praecedit
1159 1761 1198 1796 in
1230 1760 1334 1796 libris
1359 1761 1473 1806 vulgo
1499 1759 1595 1795 tales

74 1821 396 1858 circumferuntur:

285 1879 419 1916 Venire
444 1872 585 1930 sasvom
611 1880 766 1926 gaudeo.
823 1880 992 1915 THESP.
1025 1880 1123 1922 Quid
1148 1876 1336 1915 ceterum?
1387 1877 1455 1913 ΕΡ.
1490 1877 1596 1920 Quod

991 1938 1145 1982 adsolet,

286 1997 387 2034 Cena
410 1997 481 2033 tibi
505 1997 663 2032 dabitur.
714 1997 883 2032 THESP.
917 1997 1098 2042 Spondeo.
1147 1997 1220 2032 ΕΡ.
1254 1996 1374 2039 Quid-2
1423 1995 1591 2030 THESP.

991 2055 1051 2091 Me
1077 2057 1328 2100 accepturum,
1354 2057 1385 2090 si
1410 2054 1527 2090 dabis

75 2115 284 2166 Geppertus
309 2115 347 2150 in
372 2114 610 2150 adnotatione
635 2113 783 2149 silentio
809 2113 1060 2159 praetermisit
1084 2114 1171 2148 ante
1196 2114 1292 2158 quod
1311 2124 1349 2148 eo
1369 2114 1503 2148 adsolet
1529 2126 1561 2149 v.
1575 2118 1595 2148 5

73 2175 201 2210 deesse
231 2173 271 2209 in
294 2173 538 2208 Ambrosiano
569 2183 746 2218 personae
778 2172 956 2218 spatium,
994 2173 1092 2217 quod
1125 2172 1227 2207 casui
1251 2171 1489 2208 tribuendum
1516 2183 1594 2207 esse

71 2232 136 2272 ,vix
160 2232 389 2268 crediderim.
439 2232 536 2267 Nam
566 2242 792 2276 quamquam
822 2243 917 2276 quae
947 2231 1087 2267 tradita
1118 2233 1204 2267 sunt
1233 2231 1404 2277 intellegi
1429 2233 1595 2277 possunt,

75 2291 200 2326 tamen
225 2290 323 2326 hand
348 2290 424 2325 scio
449 2301 498 2325 an
522 2290 653 2325 melius
678 2291 792 2326 verba
815 2290 867 2326 sic
894 2291 1180 2327 distribuantur:

287 2348 420 2384 Venire
446 2349 589 2384 salvom
614 2349 769 2394 gaudeo.
831 2349 998 2384 THESP.
1032 2349 1129 2391 Quid
1159 2351 1323 2384 ceterum
1355 2350 1455 2393 quod
1486 2349 1594 2384 coad-

991 2408 1108 2443 solet?

169 2465 241 2502 ΕΡ.
291 2465 392 2501 Cena
414 2465 485 2501 tibi
509 2465 670 2502 dabitur.
720 2466 886 2501 THESP.
920 2466 1102 2511 Spondeo.
1153 2467 1225 2503 ΕΡ.
1253 2466 1375 2508 Quid-‚³
1426 2465 1593 2500 THESP.

991 2525 1052 2560 Me
1077 2527 1329 2570 accepturum,
1354 2526 1384 2560 si
1410 2523 1526 2559 dabis.

77 2582 180 2624 Quae
212 2581 352 2627 optime
383 2582 608 2618 conveniunt
639 2593 824 2618 servorum
862 2583 1008 2618 iocandi
1044 2583 1183 2629 generi.
1242 2582 1427 2619 Goadsolet
1464 2581 1596 2626 scripsi

76 2652 160 2676 cum
192 2639 378 2682 Acidali03
422 2640 467 2675 of.
504 2639 623 2676 Casin.
658 2641 709 2675 III
746 2646 776 2685 1,
811 2645 845 2684 4,
879 2641 943 2677 ubi
976 2652 1016 2677 eo
1049 2642 1176 2677 addito
1211 2642 1256 2684 B,
1302 2641 1398 2676 unde
1433 2640 1594 2675 editores

76 2699 364 2735 emendaverunt
389 2700 565 2734 coaddito.
615 2700 780 2745 Guyetus
810 2711 850 2735 eo
880 2700 1032 2736 delevit.
1082 2701 1139 2735 Ad
1164 2700 1389 2735 locutionem
1414 2699 1460 2734 cf.
1489 2699 1592 2734 Cure.

76 2769 111 2794 v.
137 2762 223 2794 457:

243 2809 252 2815 ⁵
289 2815 386 2860 Quid
409 2817 479 2852 hoc
503 2817 602 2863 quod
627 2817 675 2852 ad
699 2819 737 2853 te
762 2817 870 2853 venio
895 2829 926 2853 e.
952 2829 986 2862 q.
1013 2830 1040 2852 s.
