1904 3106
903 74 1190 116 *46-

491 178 564 231 Ei,
597 178 730 220 Persa
761 193 829 220 me
861 183 1035 233 pessiim
1068 180 1185 221 dedit

276 275 374 302 cum
401 259 594 316 Scaliger
619 263 668 302 ut
695 260 913 314 ‘Sassina',
948 261 1138 303 ‘Assum’
1164 272 1242 316 pro
1271 261 1491 317 ‘Sarsina’,
1523 262 1715 305 ‘Arsum'
1746 263 1810 305 ita

277 331 440 373 ‘Pessa'
469 331 631 374 dictum
657 333 860 388 voluerit,
886 335 1000 374 recte
1026 333 1270 375 iudicarunt
1295 333 1491 375 homines
1517 333 1631 375 docti
1657 334 1702 375 in
1726 333 1810 376 hoc

277 403 451 444 nomine
483 402 526 444 id
557 403 661 445 ferri
693 419 781 446 non
812 418 958 459 posse3
991 419 1174 458 reponas
1206 404 1359 460 igitur:

491 497 566 551 Ei,
598 497 729 539 Persa
761 513 828 539 me
860 501 1035 552 persum
1068 498 1186 540 dedit

281 592 332 634 cf.
365 592 466 634 ibid.
499 608 537 635 v.
565 593 670 634 783:
705 592 786 645 Qui
815 593 936 634 illum
962 592 1151 634 Persam
1182 596 1303 646 atque
1333 594 1468 635 omnis
1492 593 1663 636 Persas
1691 596 1813 647 atque

281 665 406 706 etiam
438 665 572 706 07777773
594 677 814 717 personas
838 664 956 705 Male
985 665 1030 706 di
1061 678 1197 706 omnes
1220 666 1428 718 perdant.
1484 665 1627 720 Atque
1658 664 1808 706 eadem

276 734 418 776 forma
448 735 593 777 nescio
626 750 681 777 an
713 734 923 777 Pacuvius
956 750 1060 777 usus
1096 736 1152 777 sit
1184 751 1221 778 v.
1248 736 1335 778 320
1366 735 1511 779 Ribb.:

492 829 664 871 Periere
696 829 856 885 Danai,
890 830 1013 884 plera
1044 846 1144 886 pars
1176 834 1350 885 persiim
1382 830 1538 873 datast.

278 923 361 966 Sed
394 926 442 966 ut
472 925 584 967 hanc
617 925 875 979 scripturam
908 926 1016 967 satis
1048 926 1312 968 confidenter
1349 925 1604 980 amplector,
1643 924 1810 967 minore

279 1011 374 1038 cum
419 997 685 1039 confidentia
728 997 1029 1039 commendare
1075 997 1228 1052 audeo,
1278 996 1392 1052 quod
1438 997 1543 1038 item
1583 996 1811 1039 verborum

276 1067 443 1109 lusibus
470 1067 691 1110 nonnullis
717 1068 927 1110 inservire
954 1082 1080 1122 posse
1106 1067 1320 1122 videatur,
1351 1071 1545 1110 scurtum
1576 1067 1631 1109 ab
1663 1066 1754 1109 cod.
1773 1065 1811 1107 B

279 1140 496 1180 servatum
523 1130 678 1180 Bacch.
706 1153 743 1180 v.
769 1138 895 1180 1189.
938 1136 1051 1180 Nam
1082 1138 1189 1180 haec
1217 1137 1375 1180 vocalis
1407 1138 1532 1194 quasi
1563 1137 1811 1181 obscuratio
1876 1132 1878 1134 ’

276 1210 384 1251 bene
419 1224 513 1250 cum
547 1209 645 1250 aliis
678 1209 1104 1264 pronuntiationibus
1137 1201 1392 1251 conveniens
1425 1209 1570 1250 nescio
1608 1223 1663 1250 an
1703 1207 1811 1250 infe-

277 1281 410 1322 renda
450 1281 507 1322 sit
545 1283 588 1322 et
619 1280 775 1323 Bacch.
807 1297 845 1322 v.
874 1281 928 1323 72
965 1284 1147 1322 scm-tum
1177 1295 1257 1335 pro
1287 1283 1398 1323 scuto
1436 1280 1597 1323 accubet
1626 1281 1670 1321 et
1699 1277 1812 1320 Men.

280 1367 315 1394 v.
347 1352 430 1393 170
459 1352 641 1406 furtum,
671 1355 872 1406 scuriam,
898 1352 1137 1405 qwamlium.

397 1423 490 1464 Iam
523 1423 594 1465 vix
627 1422 778 1464 dubito
811 1423 862 1464 de
882 1422 997 1464 Trin.
1018 1438 1056 1465 v.
1084 1422 1195 1464 1022
1223 1421 1534 1464 emendatione.
1577 1421 1672 1464 Hoc
1698 1421 1812 1464 enim

277 1495 372 1536 loco
413 1508 508 1535 cum
550 1493 600 1535 A.
640 1492 911 1549 Spengelius,
955 1494 1037 1536 etsi
1089 1508 1218 1548 quam
1269 1493 1407 1535 suasit
1454 1493 1641 1535 formam
1689 1493 1812 1535 oeuli-

276 1569 337 1607 sto
337 1567 479 1619 epulae
509 1580 598 1608 non
630 1568 695 1607 est
727 1565 841 1620 quod
873 1565 1029 1606 iterum
1055 1564 1241 1606 refutem
1267 1564 1337 1619 (cf.
1357 1563 1492 1607 Nunt.
1510 1564 1595 1606 litt.
1615 1562 1811 1618 Gotting.

277 1651 313 1678 a.
356 1638 469 1678 1875
513 1652 553 1691 p.
595 1635 745 1690 1052)
803 1638 949 1677 tamen
1004 1650 1080 1677 suo
1137 1635 1228 1676 iure
1269 1635 1495 1689 negaverit
1534 1635 1640 1676 duas
1683 1648 1809 1677 voces

275 1722 404 1788 niclit
411 1766 453 1788 777
483 1754 552 1788 den
583 1754 673 1788 Tecct
704 1754 832 1788 nimmt
864 1773 910 1778 ——
942 1753 1000 1787 die
1026 1752 1232 1797 Hypothese
1261 1762 1332 1786 7077
1365 1751 1406 1786 0.
1426 1751 1586 1786 Ribbeck
1610 1762 1651 1796 p.
1677 1754 1701 1786 6
1726 1751 1811 1796 (7791.

278 1814 489 1858 Savelsberq
511 1812 659 1855 111773.Ῑῖ
684 1812 753 1848 Ph.
778 1811 884 1846 XXI
888 1811 967 1853 II,
988 1814 1076 1852 131,
1097 1813 1197 1855 640),
1222 1811 1308 1845 dass
1332 1820 1367 1844 es
1391 1811 1469 1844 eine
1493 1809 1811 1855 altnSupeo-lativ-

278 1873 432 1917 bildmzq
457 1872 537 1917 ist’]
566 1871 659 1906 mihi
684 1871 791 1906 unice
818 1870 998 1915 probatur
1023 1870 1122 1914 quod
1148 1881 1232 1904 cum
1257 1868 1403 1904 Pottius
1427 1889 1472 1894 —
1498 1869 1578 1914 ipse
1606 1868 1747 1914 primus
1772 1867 1810 1903 ni

277 1931 389 1966 fallor
414 1930 672 1976 originationis
698 1931 828 1965 auctor
848 1951 890 1955 —
911 1928 1120 1973 reliquerit,
1142 1928 1341 1963 Corssenus
1361 1927 1530 1963 defendit
1547 1928 1680 1972 (Krit.
1693 1928 1810 1964 Beitr.

277 2001 307 2025 z.
335 1991 396 2026 lat.
424 1989 624 2024 Formenl.’
653 1993 786 2035 p.169)
818 1987 1044 2023 assentiente
1077 1988 1205 2023 Curtio
1237 1988 1380 2033 (Grdz‘.
1405 1999 1459 2033 qr.
1486 1987 1551 2023 E?
1579 1983 1713 2032 p.,25‘7)
1747 1986 1811 2022 ad·

280 2048 447 2084 verbium
481 2060 561 2083 esse
593 2047 768 2083 adiectivi
804 2048 942 2091 firmus.
994 2046 1101 2090 Quod
1133 2058 1217 2081 cum
1249 2058 1291 2082 eo
1326 2047 1403 2082 veri
1442 2046 1563 2082 simile
1599 2047 1673 2090 est,
1711 2045 1811 2090 quod

279 2108 503 2153 significatio
529 2107 737 2153 particulae
763 2108 911 2152 postero
937 2108 1105 2152 tempore
1126 2106 1347 2141 minuendae
1372 2106 1449 2141 fere
1469 2105 1676 2140 sententiae
1695 2103 1809 2139 inser—

279 2167 414 2203 vientis
439 2168 550 2201 antea
575 2167 820 2202 confirmabat
853 2166 913 2212 [cf.
935 2165 1035 2201 Trin.
1062 2178 1096 2200 v.
1119 2170 1199 2210 731,
1225 2165 1306 2200 Ter.
1327 2165 1415 2201 Hec.
1441 2177 1476 2201 v.
1496 2168 1576 2210 312,
1602 2164 1670 2207 al.;
1695 2163 1810 2209 aptis-

279 2226 372 2261 sime
398 2227 472 2261 iam
495 2226 693 2261 Corssenus
716 2225 873 2260 eandem
899 2225 1081 2260 rationem
1109 2225 1213 2268 ‘fast'
1242 2223 1408 2259 adverbii
1433 2222 1637 2268 germanici
1661 2232 1809 2266 compa.—

280 2285 394 2329 ravit]
420 2287 500 2319 tum
521 2285 702 2319 librorum
721 2284 901 2319 memoria
920 2284 1178 2319 corroboratur
1197 2283 1298 2320 Trin.
1318 2296 1350 2319 v.
1372 2286 1439 2317 335
1466 2282 1610 2327 Edepol
1633 2282 1810 2316 hominem

279 2344 533 2389 praedicatum
557 2344 667 2387 ferme
686 2347 736 2377 et
732 2345 789 2386 (ct
809 2354 881 2378 om.
896 2343 989 2386 Pal.)
1015 2342 1264 2386 familiariter,
1286 2341 1351 2376 ubi
1372 2342 1474 2385 firme
1491 2341 1700 2382 mutarunt,
1725 2350 1809 2375 cum

283 2405 415 2438 contra
440 2402 539 2437 Pers.
566 2415 600 2437 v.
622 2406 686 2436 451
716 2402 835 2446 Atque
860 2402 982 2446 edepol
1005 2402 1031 2445 f
1035 2412 1107 2436 rme
1135 2404 1178 2436 ut
1202 2401 1352 2446 quisque
1376 2412 1461 2435 cum
1485 2399 1676 2444 Scaligero
1698 2398 1810 2442 ferme

280 2463 513 2507 reponerent.
555 2461 677 2503 Quare
696 2462 806 2505 ferme
826 2461 864 2495 et
882 2461 908 2503 Γ
909 2471 983 2494 rme
1006 2460 1105 2495 idem
1130 2460 1254 2495 valere
1281 2459 1372 2495 satis
1395 2460 1496 2495 certo
1521 2457 1593 2493 tibi
1617 2466 1809 2502 persuase-

281 2521 350 2563 ris,
388 2532 472 2555 cum
503 2520 722 2565 praesertim
754 2520 849 2555 tales
881 2519 981 2554 locos
1014 2519 1112 2554 inter
1142 2530 1179 2554 se
1211 2518 1499 2564 comparaveris,
1539 2518 1583 2552 ut
1606 2516 1688 2552 Ter.
1714 2515 1808 2551 And.
1856 2554 1858 2556 ,

281 2593 316 2616 v.
341 2584 411 2615 460
442 2579 621 2622 fidelem
656 2580 777 2614 haud
813 2579 949 2622 ferme
980 2578 1125 2612 mulieri
1149 2578 1316 2612 invenias
1339 2578 1458 2612 virum
1490 2587 1574 2611 cum
1604 2574 1683 2611 Mil.
1714 2574 1808 2620 glor.

280 2651 315 2674 v.
338 2643 428 2674 1015
454 2639 588 2682 infidos
612 2639 723 2680 celas,
756 2649 818 2683 eqo
844 2648 923 2672 sum
949 2637 1017 2672 tibi
1040 2637 1172 2680 firme
1196 2637 1333 2680 fidus.
1383 2635 1555 2671 Ceterum
1580 2635 1623 2668 ut
1647 2633 1755 2668 Tmo.
1779 2633 1809 2678 Ι,

286 2703 315 2742 1,
338 2702 380 2732 15
402 2709 550 2743 persam
575 2698 630 2733 ita
654 2698 699 2741 Il,
719 2701 752 2741 2,
778 2702 792 2731 1
822 2708 865 2731 ex
890 2695 1071 2731 Palatinis
1097 2707 1190 2730 unus
1216 2695 1242 2730 C
1270 2706 1353 2730 cum
1378 2695 1410 2728 A
1432 2696 1622 2739 propterve
1647 2690 1811 2728 servavit

282 2756 342 2800 (cf.
363 2768 399 2801 p.
420 2760 440 2789 3
461 2756 546 2791 adn.
567 2757 615 2800 6),
641 2755 686 2790 de
712 2765 787 2800 qna
810 2754 930 2788 forma
955 2754 1084 2789 videas
1110 2754 1152 2788 G.
1175 2753 1363 2788 Loewium
1389 2753 1470 2788 Act.
1497 2762 1570 2787 soc.
1595 2750 1687 2796 phil.
1707 2749 1808 2796 Lips.

282 2816 308 2850 t.
332 2814 363 2848 ΙΙ
392 2827 427 2859 p.
449 2819 530 2864 5¹68·
