<?xml version="1.0" encoding="UTF-8"?>
<!DOCTYPE html PUBLIC "-//W3C//DTD XHTML 1.0 Transitional//EN"
    "http://www.w3.org/TR/xhtml1/DTD/xhtml1-transitional.dtd">
<html xmlns="http://www.w3.org/1999/xhtml" xml:lang="en" lang="en">
 <head>
  <title>
</title>
<meta http-equiv="Content-Type" content="text/html;charset=utf-8" />
  <meta name='ocr-system' content='tesseract 3.04.00' />
  <meta name='ocr-capabilities' content='ocr_page ocr_carea ocr_par ocr_line ocrx_word'/>
</head>
<body>
  <div class='ocr_page' id='page_1' title='image "analectaplautina00schuoft_0047.png"; bbox 0 0 1904 3106; ppageno 0'>
   <div class='ocr_carea' id='block_1_1' title="bbox 0 1773 58 3106">
    <p class='ocr_par' dir='ltr' id='par_1_1' title="bbox 0 1773 58 3106">
     <span class='ocr_line' id='line_1_1' title="bbox 0 1773 58 3106; baseline 0 0"><span class='ocrx_word' id='word_1_1' title='bbox 0 1773 58 3106; x_wconf 95' lang='lat' dir='ltr'> </span> 
     </span>
    </p>
   </div>
   <div class='ocr_carea' id='block_1_2' title="bbox 747 87 1038 130">
    <p class='ocr_par' dir='ltr' id='par_1_2' title="bbox 747 87 1038 130">
     <span class='ocr_line' id='line_1_2' title="bbox 747 87 1038 130; baseline 0.003 -13"><span class='ocrx_word' id='word_1_2' title='bbox 747 87 1038 130; x_wconf 73' lang='grc'><strong>..33-</strong></span> 
     </span>
    </p>
   </div>
   <div class='ocr_carea' id='block_1_3' title="bbox 136 189 1661 1945">
    <p class='ocr_par' dir='ltr' id='par_1_3' title="bbox 136 189 1659 671">
     <span class='ocr_line' id='line_1_3' title="bbox 148 189 1659 248; baseline -0.002 -14"><span class='ocrx_word' id='word_1_3' title='bbox 148 246 153 248; x_wconf 17' lang='grc' dir='ltr'><strong>η</strong></span> <span class='ocrx_word' id='word_1_4' title='bbox 253 191 421 234; x_wconf 81' lang='lat' dir='ltr'>Harum</span> <span class='ocrx_word' id='word_1_5' title='bbox 459 192 771 234; x_wconf 85' lang='lat' dir='ltr'>sententiarum</span> <span class='ocrx_word' id='word_1_6' title='bbox 809 192 1047 234; x_wconf 74' lang='lat' dir='ltr'>similitudo</span> <span class='ocrx_word' id='word_1_7' title='bbox 1086 206 1184 234; x_wconf 88' lang='lat' dir='ltr'>cum</span> <span class='ocrx_word' id='word_1_8' title='bbox 1221 205 1271 233; x_wconf 91' lang='lat' dir='ltr'>eo</span> <span class='ocrx_word' id='word_1_9' title='bbox 1303 191 1443 232; x_wconf 90' lang='lat' dir='ltr'>minus</span> <span class='ocrx_word' id='word_1_10' title='bbox 1475 189 1659 233; x_wconf 84' lang='lat' dir='ltr'>fortuita</span> 
     </span>
     <span class='ocr_line' id='line_1_4' title="bbox 136 260 1659 318; baseline -0.001 -15"><span class='ocrx_word' id='word_1_11' title='bbox 136 275 230 304; x_wconf 86' lang='lat' dir='ltr'>esse</span> <span class='ocrx_word' id='word_1_12' title='bbox 254 261 461 317; x_wconf 81' lang='lat' dir='ltr'>videatur,</span> <span class='ocrx_word' id='word_1_13' title='bbox 492 263 593 318; x_wconf 84' lang='lat' dir='ltr'>quia</span> <span class='ocrx_word' id='word_1_14' title='bbox 617 277 668 305; x_wconf 83' lang='lat' dir='ltr'>ex</span> <span class='ocrx_word' id='word_1_15' title='bbox 692 277 779 304; x_wconf 84' lang='lat' dir='ltr'>una</span> <span class='ocrx_word' id='word_1_16' title='bbox 803 263 1037 318; x_wconf 86' lang='lat' dir='ltr'>eademque</span> <span class='ocrx_word' id='word_1_17' title='bbox 1062 262 1233 304; x_wconf 86' lang='lat' dir='ltr'>fabulae</span> <span class='ocrx_word' id='word_1_18' title='bbox 1258 263 1381 316; x_wconf 86' lang='lat' dir='ltr'>parte</span> <span class='ocrx_word' id='word_1_19' title='bbox 1407 260 1659 316; x_wconf 75' lang='lat' dir='ltr'><strong>desumptae</strong></span> 
     </span>
     <span class='ocr_line' id='line_1_5' title="bbox 136 330 1659 388; baseline -0.001 -14"><span class='ocrx_word' id='word_1_20' title='bbox 136 334 255 388; x_wconf 91' lang='lat' dir='ltr'>sunt,</span> <span class='ocrx_word' id='word_1_21' title='bbox 298 332 462 375; x_wconf 87' lang='lat' dir='ltr'>accedit</span> <span class='ocrx_word' id='word_1_22' title='bbox 504 333 622 374; x_wconf 91' lang='lat' dir='ltr'>locus</span> <span class='ocrx_word' id='word_1_23' title='bbox 665 347 717 374; x_wconf 84' lang='lat' dir='ltr'>ex</span> <span class='ocrx_word' id='word_1_24' title='bbox 762 333 898 375; x_wconf 88' lang='lat' dir='ltr'>altero</span> <span class='ocrx_word' id='word_1_25' title='bbox 943 348 1027 388; x_wconf 91' lang='lat' dir='ltr'>quo</span> <span class='ocrx_word' id='word_1_26' title='bbox 1065 331 1325 374; x_wconf 87' lang='lat' dir='ltr'>Diniarchus</span> <span class='ocrx_word' id='word_1_27' title='bbox 1371 330 1659 373; x_wconf 73' lang='lat' dir='ltr'><strong>introducitur</strong></span> 
     </span>
     <span class='ocr_line' id='line_1_6' title="bbox 139 401 1658 464; baseline -0.001 -20"><span class='ocrx_word' id='word_1_28' title='bbox 139 405 238 444; x_wconf 89' lang='lat' dir='ltr'>actu</span> <span class='ocrx_word' id='word_1_29' title='bbox 269 401 370 459; x_wconf 87' lang='lat' dir='ltr'><strong>(IV)</strong></span> <span class='ocrx_word' id='word_1_30' title='bbox 408 418 505 445; x_wconf 91' lang='lat' dir='ltr'>cum</span> <span class='ocrx_word' id='word_1_31' title='bbox 537 401 784 445; x_wconf 87' lang='lat' dir='ltr'>Simalionis</span> <span class='ocrx_word' id='word_1_32' title='bbox 816 403 958 445; x_wconf 87' lang='lat' dir='ltr'>verbis</span> <span class='ocrx_word' id='word_1_33' title='bbox 998 416 1255 464; x_wconf 77' lang='lat' dir='ltr'>congruens:</span> <span class='ocrx_word' id='word_1_34' title='bbox 1300 402 1445 452; x_wconf 71' lang='grc' dir='ltr'>ἕτερος</span> <span class='ocrx_word' id='word_1_35' title='bbox 1483 401 1536 443; x_wconf 86' lang='grc' dir='ltr'>ἂν</span> <span class='ocrx_word' id='word_1_36' title='bbox 1574 403 1658 443; x_wconf 86' lang='grc' dir='ltr'><strong>λοι-</strong></span> 
     </span>
     <span class='ocr_line' id='line_1_7' title="bbox 138 470 1658 527; baseline -0.003 -11"><span class='ocrx_word' id='word_1_37' title='bbox 138 474 400 526; x_wconf 72' lang='grc' dir='ltr'>δορούμενος</span> <span class='ocrx_word' id='word_1_38' title='bbox 431 473 595 527; x_wconf 85' lang='grc' dir='ltr'>ἔγραφε</span> <span class='ocrx_word' id='word_1_39' title='bbox 626 475 695 517; x_wconf 86' lang='grc' dir='ltr'>καὶ</span> <span class='ocrx_word' id='word_1_40' title='bbox 726 474 928 526; x_wconf 85' lang='grc' dir='ltr'>ἀπειλῶν,</span> <span class='ocrx_word' id='word_1_41' title='bbox 966 473 1062 516; x_wconf 83' lang='grc' dir='ltr'>ἀλλ’</span> <span class='ocrx_word' id='word_1_42' title='bbox 1092 474 1178 524; x_wconf 87' lang='grc' dir='ltr'>ἑγὼ</span> <span class='ocrx_word' id='word_1_43' title='bbox 1211 472 1415 524; x_wconf 74' lang='grc' dir='ltr'>δεόμενος</span> <span class='ocrx_word' id='word_1_44' title='bbox 1446 472 1514 513; x_wconf 88' lang='grc' dir='ltr'>καὶ</span> <span class='ocrx_word' id='word_1_45' title='bbox 1545 470 1658 513; x_wconf 89' lang='grc' dir='ltr'>ἀντι-</span> 
     </span>
     <span class='ocr_line' id='line_1_8' title="bbox 139 543 701 601; baseline 0.002 -14"><span class='ocrx_word' id='word_1_46' title='bbox 139 547 293 598; x_wconf 83' lang='grc' dir='ltr'>βολῶν.</span> <span class='ocrx_word' id='word_1_47' title='bbox 354 543 419 588; x_wconf 83' lang='lat' dir='ltr'>Cf.</span> <span class='ocrx_word' id='word_1_48' title='bbox 448 544 524 600; x_wconf 86' lang='lat' dir='ltr'>IV,</span> <span class='ocrx_word' id='word_1_49' title='bbox 558 546 595 601; x_wconf 90' lang='lat'>1,</span> <span class='ocrx_word' id='word_1_50' title='bbox 630 547 701 588; x_wconf 82' lang='lat'>12:</span> 
     </span>
     <span class='ocr_line' id='line_1_9' title="bbox 353 615 1463 671; baseline -0.002 -13"><span class='ocrx_word' id='word_1_51' title='bbox 353 615 464 666; x_wconf 84' lang='lat' dir='ltr'>Quia</span> <span class='ocrx_word' id='word_1_52' title='bbox 492 616 554 658; x_wconf 94' lang='lat' dir='ltr'>nil</span> <span class='ocrx_word' id='word_1_53' title='bbox 586 616 725 660; x_wconf 88' lang='lat' dir='ltr'>habeo</span> <span class='ocrx_word' id='word_1_54' title='bbox 746 650 902 660; x_wconf 92' lang='grc'><strong>......</strong></span> <span class='ocrx_word' id='word_1_55' title='bbox 923 617 1070 659; x_wconf 87' lang='lat' dir='ltr'>omnia</span> <span class='ocrx_word' id='word_1_56' title='bbox 1100 629 1225 671; x_wconf 88' lang='lat' dir='ltr'>agam</span> <span class='ocrx_word' id='word_1_57' title='bbox 1257 615 1463 670; x_wconf 87' lang='lat' dir='ltr'>precario.</span> 
     </span>
    </p>

    <p class='ocr_par' dir='ltr' id='par_1_4' title="bbox 136 684 1661 1945">
     <span class='ocr_line' id='line_1_10' title="bbox 136 684 1660 742; baseline -0.002 -14"><span class='ocrx_word' id='word_1_58' title='bbox 136 685 218 728; x_wconf 90' lang='lat' dir='ltr'>His</span> <span class='ocrx_word' id='word_1_59' title='bbox 244 686 393 734; x_wconf 83' lang='lat' dir='ltr'>verbis</span> <span class='ocrx_word' id='word_1_60' title='bbox 419 700 528 741; x_wconf 89' lang='lat' dir='ltr'>quae</span> <span class='ocrx_word' id='word_1_61' title='bbox 553 687 889 742; x_wconf 85' lang='lat' dir='ltr'>interponuntur</span> <span class='ocrx_word' id='word_1_62' title='bbox 919 687 965 729; x_wconf 89' lang='lat' dir='ltr'>in</span> <span class='ocrx_word' id='word_1_63' title='bbox 996 687 1214 729; x_wconf 81' lang='lat' dir='ltr'>codicibus</span> <span class='ocrx_word' id='word_1_64' title='bbox 1244 686 1332 727; x_wconf 55' lang='lat' dir='ltr'>um?</span> <span class='ocrx_word' id='word_1_65' title='bbox 1362 684 1533 737; x_wconf 84' lang='lat' dir='ltr'>animos</span> <span class='ocrx_word' id='word_1_66' title='bbox 1551 685 1660 726; x_wconf 73' lang='lat' dir='ltr'>movi</span> 
     </span>
     <span class='ocr_line' id='line_1_11' title="bbox 136 755 1659 812; baseline -0.001 -14"><span class='ocrx_word' id='word_1_67' title='bbox 136 756 243 799; x_wconf 76' lang='lat' dir='ltr'><strong><em>mihi</em></strong></span> <span class='ocrx_word' id='word_1_68' title='bbox 272 757 333 799; x_wconf 87' lang='lat' dir='ltr'>eis</span> <span class='ocrx_word' id='word_1_69' title='bbox 358 755 613 812; x_wconf 86' lang='lat' dir='ltr'>Spengelius</span> <span class='ocrx_word' id='word_1_70' title='bbox 644 758 891 800; x_wconf 80' lang='lat' dir='ltr'>dubitanter</span> <span class='ocrx_word' id='word_1_71' title='bbox 922 758 1150 800; x_wconf 77' lang='lat' dir='ltr'>substituit</span> <span class='ocrx_word' id='word_1_72' title='bbox 1179 760 1227 798; x_wconf 77' lang='lat' dir='ltr'>ut</span> <span class='ocrx_word' id='word_1_73' title='bbox 1249 757 1411 799; x_wconf 78' lang='lat' dir='ltr'>animos</span> <span class='ocrx_word' id='word_1_74' title='bbox 1441 756 1582 798; x_wconf 83' lang='lat' dir='ltr'>tollam</span> <span class='ocrx_word' id='word_1_75' title='bbox 1615 757 1659 796; x_wconf 88' lang='lat' dir='ltr'>et</span> 
     </span>
     <span class='ocr_line' id='line_1_12' title="bbox 137 827 1659 884; baseline -0.002 -14"><span class='ocrx_word' id='word_1_76' title='bbox 137 842 229 870; x_wconf 80' lang='lat' dir='ltr'>cum</span> <span class='ocrx_word' id='word_1_77' title='bbox 258 828 335 870; x_wconf 80' lang='lat' dir='ltr'>illa</span> <span class='ocrx_word' id='word_1_78' title='bbox 364 842 443 882; x_wconf 89' lang='lat' dir='ltr'>pro</span> <span class='ocrx_word' id='word_1_79' title='bbox 475 829 636 870; x_wconf 77' lang='lat' dir='ltr'>comnia</span> <span class='ocrx_word' id='word_1_80' title='bbox 667 827 816 884; x_wconf 34' lang='lat' dir='ltr'>(sic-B,</span> <span class='ocrx_word' id='word_1_81' title='bbox 847 830 988 870; x_wconf 78' lang='lat' dir='ltr'>omnia</span> <span class='ocrx_word' id='word_1_82' title='bbox 1020 828 1132 883; x_wconf 81' lang='lat' dir='ltr'>OD),</span> <span class='ocrx_word' id='word_1_83' title='bbox 1169 827 1398 883; x_wconf 86' lang='lat' dir='ltr'>Maehlyus</span> <span class='ocrx_word' id='word_1_84' title='bbox 1427 827 1500 869; x_wconf 81' lang='lat' dir='ltr'>hoe</span> <span class='ocrx_word' id='word_1_85' title='bbox 1529 840 1659 868; x_wconf 79' lang='lat' dir='ltr'>unum</span> 
     </span>
     <span class='ocr_line' id='line_1_13' title="bbox 137 897 1660 954; baseline -0.002 -13"><span class='ocrx_word' id='word_1_86' title='bbox 137 899 326 941; x_wconf 77' lang='lat' dir='ltr'>animum</span> <span class='ocrx_word' id='word_1_87' title='bbox 361 901 505 950; x_wconf 79' lang='lat' dir='ltr'>movet,</span> <span class='ocrx_word' id='word_1_88' title='bbox 547 898 743 954; x_wconf 81' lang='lat' dir='ltr'>Buggius</span> <span class='ocrx_word' id='word_1_89' title='bbox 779 900 886 942; x_wconf 76' lang='lat' dir='ltr'>unde</span> <span class='ocrx_word' id='word_1_90' title='bbox 922 900 1111 941; x_wconf 79' lang='lat' dir='ltr'>animum</span> <span class='ocrx_word' id='word_1_91' title='bbox 1146 912 1328 941; x_wconf 79' lang='lat' dir='ltr'>moveam</span> <span class='ocrx_word' id='word_1_92' title='bbox 1364 899 1441 940; x_wconf 79' lang='lat' dir='ltr'>illi.</span> <span class='ocrx_word' id='word_1_93' title='bbox 1502 897 1584 940; x_wconf 85' lang='lat' dir='ltr'>Sed</span> <span class='ocrx_word' id='word_1_94' title='bbox 1623 897 1660 938; x_wconf 92' lang='lat' dir='ltr'>si</span> 
     </span>
     <span class='ocr_line' id='line_1_14' title="bbox 137 968 1660 1025; baseline -0.002 -13"><span class='ocrx_word' id='word_1_95' title='bbox 137 984 224 1012; x_wconf 89' lang='lat' dir='ltr'>non</span> <span class='ocrx_word' id='word_1_96' title='bbox 254 972 345 1011; x_wconf 84' lang='lat' dir='ltr'>tam</span> <span class='ocrx_word' id='word_1_97' title='bbox 377 984 403 1011; x_wconf 88' lang='lat' dir='ltr'>a</span> <span class='ocrx_word' id='word_1_98' title='bbox 433 970 646 1024; x_wconf 81' lang='lat' dir='ltr'>corruptis</span> <span class='ocrx_word' id='word_1_99' title='bbox 677 970 871 1012; x_wconf 90' lang='lat' dir='ltr'>codicum</span> <span class='ocrx_word' id='word_1_100' title='bbox 895 970 1091 1025; x_wconf 86' lang='lat' dir='ltr'>vestigiis</span> <span class='ocrx_word' id='word_1_101' title='bbox 1116 969 1427 1025; x_wconf 90' lang='lat' dir='ltr'>proficiscimur</span> <span class='ocrx_word' id='word_1_102' title='bbox 1452 971 1494 1010; x_wconf 92' lang='lat' dir='ltr'>et</span> <span class='ocrx_word' id='word_1_103' title='bbox 1521 983 1572 1010; x_wconf 80' lang='lat' dir='ltr'>ex</span> <span class='ocrx_word' id='word_1_104' title='bbox 1598 968 1660 1009; x_wconf 90' lang='lat' dir='ltr'>eis</span> 
     </span>
     <span class='ocr_line' id='line_1_15' title="bbox 139 1038 1661 1097; baseline -0.001 -15"><span class='ocrx_word' id='word_1_105' title='bbox 139 1040 243 1096; x_wconf 92' lang='lat' dir='ltr'>quid</span> <span class='ocrx_word' id='word_1_106' title='bbox 273 1040 386 1082; x_wconf 86' lang='lat' dir='ltr'>effici</span> <span class='ocrx_word' id='word_1_107' title='bbox 417 1041 558 1095; x_wconf 86' lang='lat' dir='ltr'>possit</span> <span class='ocrx_word' id='word_1_108' title='bbox 583 1042 723 1097; x_wconf 87' lang='lat' dir='ltr'>primo</span> <span class='ocrx_word' id='word_1_109' title='bbox 748 1041 843 1084; x_wconf 90' lang='lat' dir='ltr'>loco</span> <span class='ocrx_word' id='word_1_110' title='bbox 869 1041 1128 1097; x_wconf 83' lang='lat' dir='ltr'>quaerimus,</span> <span class='ocrx_word' id='word_1_111' title='bbox 1159 1056 1288 1096; x_wconf 89' lang='lat' dir='ltr'>quam</span> <span class='ocrx_word' id='word_1_112' title='bbox 1315 1039 1533 1082; x_wconf 88' lang='lat' dir='ltr'>sententia</span> <span class='ocrx_word' id='word_1_113' title='bbox 1558 1038 1661 1094; x_wconf 91' lang='lat' dir='ltr'>quid</span> 
     </span>
     <span class='ocr_line' id='line_1_16' title="bbox 138 1109 1661 1168; baseline -0.001 -16"><span class='ocrx_word' id='word_1_114' title='bbox 138 1111 329 1166; x_wconf 86' lang='lat' dir='ltr'>&#39;requirat</span> <span class='ocrx_word' id='word_1_115' title='bbox 366 1111 638 1165; x_wconf 82' lang='lat' dir='ltr'>exploramus</span> <span class='ocrx_word' id='word_1_116' title='bbox 676 1113 1028 1168; x_wconf 85' lang='lat' dir='ltr'>exploratumque</span> <span class='ocrx_word' id='word_1_117' title='bbox 1060 1112 1272 1167; x_wconf 89' lang='lat' dir='ltr'>quomodo</span> <span class='ocrx_word' id='word_1_118' title='bbox 1304 1112 1514 1154; x_wconf 89' lang='lat' dir='ltr'>librorum</span> <span class='ocrx_word' id='word_1_119' title='bbox 1544 1109 1661 1152; x_wconf 89' lang='lat' dir='ltr'>relli-</span> 
     </span>
     <span class='ocr_line' id='line_1_17' title="bbox 139 1180 1659 1238; baseline -0.001 -16"><span class='ocrx_word' id='word_1_120' title='bbox 139 1181 252 1236; x_wconf 89' lang='lat' dir='ltr'>quiis</span> <span class='ocrx_word' id='word_1_121' title='bbox 293 1182 606 1224; x_wconf 86' lang='lat' dir='ltr'>accommodari</span> <span class='ocrx_word' id='word_1_122' title='bbox 647 1184 787 1238; x_wconf 88' lang='lat' dir='ltr'>possit</span> <span class='ocrx_word' id='word_1_123' title='bbox 824 1183 1080 1238; x_wconf 83' lang='lat' dir='ltr'>indagamus</span> <span class='ocrx_word' id='word_1_124' title='bbox 1111 1207 1169 1212; x_wconf 91' lang='lat'><strong>—</strong></span> <span class='ocrx_word' id='word_1_125' title='bbox 1199 1197 1307 1238; x_wconf 86' lang='lat' dir='ltr'>quae</span> <span class='ocrx_word' id='word_1_126' title='bbox 1349 1197 1434 1224; x_wconf 87' lang='lat' dir='ltr'>una</span> <span class='ocrx_word' id='word_1_127' title='bbox 1470 1181 1516 1222; x_wconf 89' lang='lat' dir='ltr'>in</span> <span class='ocrx_word' id='word_1_128' title='bbox 1552 1180 1659 1222; x_wconf 89' lang='lat' dir='ltr'>locis</span> 
     </span>
     <span class='ocr_line' id='line_1_18' title="bbox 140 1251 1661 1309; baseline -0.001 -16"><span class='ocrx_word' id='word_1_129' title='bbox 140 1251 247 1294; x_wconf 89' lang='lat' dir='ltr'>adeo</span> <span class='ocrx_word' id='word_1_130' title='bbox 283 1252 564 1294; x_wconf 86' lang='lat' dir='ltr'>conclamatis</span> <span class='ocrx_word' id='word_1_131' title='bbox 603 1254 924 1309; x_wconf 84' lang='lat' dir='ltr'>desparatisque</span> <span class='ocrx_word' id='word_1_132' title='bbox 962 1254 1136 1309; x_wconf 88' lang='lat' dir='ltr'>probari</span> <span class='ocrx_word' id='word_1_133' title='bbox 1167 1254 1238 1295; x_wconf 83' lang='lat' dir='ltr'>via</span> <span class='ocrx_word' id='word_1_134' title='bbox 1275 1253 1472 1308; x_wconf 85' lang='lat' dir='ltr'>ratioque</span> <span class='ocrx_word' id='word_1_135' title='bbox 1502 1254 1661 1306; x_wconf 81' lang='lat' dir='ltr'>potest,</span> 
     </span>
     <span class='ocr_line' id='line_1_19' title="bbox 141 1323 1661 1380; baseline 0 -17"><span class='ocrx_word' id='word_1_136' title='bbox 141 1324 293 1364; x_wconf 82' lang='lat' dir='ltr'>contra</span> <span class='ocrx_word' id='word_1_137' title='bbox 340 1337 468 1378; x_wconf 85' lang='lat' dir='ltr'>quam</span> <span class='ocrx_word' id='word_1_138' title='bbox 518 1323 601 1365; x_wconf 87' lang='lat' dir='ltr'>dici</span> <span class='ocrx_word' id='word_1_139' title='bbox 649 1325 799 1380; x_wconf 88' lang='lat' dir='ltr'>nequit</span> <span class='ocrx_word' id='word_1_140' title='bbox 846 1340 975 1380; x_wconf 87' lang='lat' dir='ltr'>quam</span> <span class='ocrx_word' id='word_1_141' title='bbox 1024 1339 1151 1379; x_wconf 82' lang='lat' dir='ltr'>saepe</span> <span class='ocrx_word' id='word_1_142' title='bbox 1199 1327 1379 1379; x_wconf 81' lang='lat' dir='ltr'>peccent</span> <span class='ocrx_word' id='word_1_143' title='bbox 1421 1323 1558 1365; x_wconf 89' lang='lat' dir='ltr'>critici</span> <span class='ocrx_word' id='word_1_144' title='bbox 1592 1346 1661 1376; x_wconf 84' lang='lat'>—‚</span> 
     </span>
     <span class='ocr_line' id='line_1_20' title="bbox 141 1392 1658 1450; baseline 0 -16"><span class='ocrx_word' id='word_1_145' title='bbox 141 1392 343 1448; x_wconf 87' lang='lat' dir='ltr'>quoniam</span> <span class='ocrx_word' id='word_1_146' title='bbox 374 1393 633 1436; x_wconf 90' lang='lat' dir='ltr'>Diniarchus</span> <span class='ocrx_word' id='word_1_147' title='bbox 665 1395 747 1436; x_wconf 90' lang='lat' dir='ltr'>sibi</span> <span class='ocrx_word' id='word_1_148' title='bbox 779 1394 1005 1450; x_wconf 72' lang='lat' dir='ltr'>‘precario&#39;</span> <span class='ocrx_word' id='word_1_149' title='bbox 1038 1394 1253 1450; x_wconf 85' lang='lat' dir='ltr'>agendum</span> <span class='ocrx_word' id='word_1_150' title='bbox 1284 1409 1377 1436; x_wconf 89' lang='lat' dir='ltr'>esse</span> <span class='ocrx_word' id='word_1_151' title='bbox 1408 1394 1513 1436; x_wconf 89' lang='lat' dir='ltr'>dicit</span> <span class='ocrx_word' id='word_1_152' title='bbox 1544 1392 1658 1447; x_wconf 82' lang='grc' dir='ltr'>(δεό-</span> 
     </span>
     <span class='ocr_line' id='line_1_21' title="bbox 140 1463 1661 1521; baseline -0.001 -15"><span class='ocrx_word' id='word_1_153' title='bbox 140 1465 297 1518; x_wconf 73' lang='grc' dir='ltr'>μενος),</span> <span class='ocrx_word' id='word_1_154' title='bbox 328 1465 429 1519; x_wconf 82' lang='lat' dir='ltr'>quia</span> <span class='ocrx_word' id='word_1_155' title='bbox 458 1465 521 1506; x_wconf 94' lang='lat' dir='ltr'>nil</span> <span class='ocrx_word' id='word_1_156' title='bbox 550 1465 724 1521; x_wconf 86' lang='lat' dir='ltr'>habeat,</span> <span class='ocrx_word' id='word_1_157' title='bbox 754 1466 1071 1521; x_wconf 89' lang='lat' dir='ltr'>oppositionem</span> <span class='ocrx_word' id='word_1_158' title='bbox 1102 1465 1393 1508; x_wconf 88' lang='lat' dir='ltr'>desideramus</span> <span class='ocrx_word' id='word_1_159' title='bbox 1419 1463 1661 1518; x_wconf 77' lang='grc' dir='ltr'>(ἀπειλῶν),</span> 
     </span>
     <span class='ocr_line' id='line_1_22' title="bbox 140 1533 1659 1594; baseline -0.001 -18"><span class='ocrx_word' id='word_1_160' title='bbox 140 1533 242 1588; x_wconf 90' lang='lat' dir='ltr'>quid</span> <span class='ocrx_word' id='word_1_161' title='bbox 284 1535 322 1576; x_wconf 92' lang='lat' dir='ltr'>si</span> <span class='ocrx_word' id='word_1_162' title='bbox 362 1549 454 1576; x_wconf 89' lang='lat' dir='ltr'>rem</span> <span class='ocrx_word' id='word_1_163' title='bbox 497 1538 664 1578; x_wconf 88' lang='lat' dir='ltr'>teneret</span> <span class='ocrx_word' id='word_1_164' title='bbox 705 1536 898 1578; x_wconf 86' lang='lat' dir='ltr'>facturus</span> <span class='ocrx_word' id='word_1_165' title='bbox 924 1540 1067 1594; x_wconf 84' lang='lat' dir='ltr'>esset.</span> <span class='ocrx_word' id='word_1_166' title='bbox 1146 1536 1239 1578; x_wconf 88' lang='lat' dir='ltr'>Iam</span> <span class='ocrx_word' id='word_1_167' title='bbox 1290 1537 1327 1578; x_wconf 87' lang='lat' dir='ltr'>si</span> <span class='ocrx_word' id='word_1_168' title='bbox 1370 1535 1659 1590; x_wconf 85' lang='lat' dir='ltr'>reputarimus</span> 
     </span>
     <span class='ocr_line' id='line_1_23' title="bbox 139 1605 1660 1662; baseline 0 -16"><span class='ocrx_word' id='word_1_169' title='bbox 139 1618 271 1659; x_wconf 87' lang='lat' dir='ltr'>quam</span> <span class='ocrx_word' id='word_1_170' title='bbox 302 1619 429 1660; x_wconf 88' lang='lat' dir='ltr'>saepe</span> <span class='ocrx_word' id='word_1_171' title='bbox 460 1605 546 1648; x_wconf 70' lang='lat' dir='ltr'>‘vi’</span> <span class='ocrx_word' id='word_1_172' title='bbox 579 1609 622 1648; x_wconf 89' lang='lat' dir='ltr'>et</span> <span class='ocrx_word' id='word_1_173' title='bbox 653 1606 893 1661; x_wconf 82' lang='lat' dir='ltr'>‘precario&#39;</span> <span class='ocrx_word' id='word_1_174' title='bbox 926 1622 978 1649; x_wconf 84' lang='lat' dir='ltr'>ex</span> <span class='ocrx_word' id='word_1_175' title='bbox 1010 1607 1188 1649; x_wconf 82' lang='lat' dir='ltr'>adverso</span> <span class='ocrx_word' id='word_1_176' title='bbox 1220 1610 1337 1649; x_wconf 88' lang='lat' dir='ltr'>stent</span> <span class='ocrx_word' id='word_1_177' title='bbox 1350 1605 1421 1662; x_wconf 73' lang='lat'><strong>⁶5),</strong></span> <span class='ocrx_word' id='word_1_178' title='bbox 1453 1606 1542 1647; x_wconf 87' lang='lat' dir='ltr'>veri</span> <span class='ocrx_word' id='word_1_179' title='bbox 1572 1620 1660 1647; x_wconf 89' lang='lat' dir='ltr'>non</span> 
     </span>
     <span class='ocr_line' id='line_1_24' title="bbox 140 1673 1660 1732; baseline 0.001 -16"><span class='ocrx_word' id='word_1_180' title='bbox 140 1673 348 1717; x_wconf 86' lang='lat' dir='ltr'>dissimile</span> <span class='ocrx_word' id='word_1_181' title='bbox 378 1676 461 1717; x_wconf 87' lang='lat' dir='ltr'>erit</span> <span class='ocrx_word' id='word_1_182' title='bbox 491 1676 536 1718; x_wconf 88' lang='lat' dir='ltr'>in</span> <span class='ocrx_word' id='word_1_183' title='bbox 566 1691 652 1718; x_wconf 81' lang='lat' dir='ltr'>mm</span> <span class='ocrx_word' id='word_1_184' title='bbox 682 1677 817 1719; x_wconf 87' lang='lat' dir='ltr'>latere</span> <span class='ocrx_word' id='word_1_185' title='bbox 846 1678 954 1732; x_wconf 59' lang='grc' dir='ltr'><strong><em>πίνης</em></strong></span> <span class='ocrx_word' id='word_1_186' title='bbox 997 1680 1091 1719; x_wconf 90' lang='lat' dir='ltr'>tum</span> <span class='ocrx_word' id='word_1_187' title='bbox 1123 1693 1224 1719; x_wconf 84' lang='lat' dir='ltr'>vero</span> <span class='ocrx_word' id='word_1_188' title='bbox 1255 1692 1335 1732; x_wconf 91' lang='lat' dir='ltr'>pro</span> <span class='ocrx_word' id='word_1_189' title='bbox 1366 1676 1535 1728; x_wconf 84' lang='lat' dir='ltr'>ammos</span> <span class='ocrx_word' id='word_1_190' title='bbox 1553 1689 1660 1717; x_wconf 79' lang='lat' dir='ltr'>mom</span> 
     </span>
     <span class='ocr_line' id='line_1_25' title="bbox 142 1745 1659 1804; baseline 0.001 -18"><span class='ocrx_word' id='word_1_191' title='bbox 142 1745 413 1788; x_wconf 88' lang='lat' dir='ltr'>scribendum</span> <span class='ocrx_word' id='word_1_192' title='bbox 444 1747 526 1788; x_wconf 91' lang='lat' dir='ltr'>erit</span> <span class='ocrx_word' id='word_1_193' title='bbox 554 1748 642 1789; x_wconf 77' lang='lat' dir='ltr'>iam</span> <span class='ocrx_word' id='word_1_194' title='bbox 665 1749 802 1789; x_wconf 79' lang='lat' dir='ltr'>amovi</span> <span class='ocrx_word' id='word_1_195' title='bbox 831 1747 927 1804; x_wconf 91' lang='lat' dir='ltr'>(per</span> <span class='ocrx_word' id='word_1_196' title='bbox 951 1750 1096 1791; x_wconf 78' lang='lat' dir='ltr'>anima</span> <span class='ocrx_word' id='word_1_197' title='bbox 1119 1749 1228 1790; x_wconf 81' lang='lat' dir='ltr'>movi</span> <span class='ocrx_word' id='word_1_198' title='bbox 1252 1748 1313 1789; x_wconf 90' lang='lat' dir='ltr'>sic</span> <span class='ocrx_word' id='word_1_199' title='bbox 1340 1746 1659 1803; x_wconf 82' lang='lat' dir='ltr'>depravatum);</span> 
     </span>
     <span class='ocr_line' id='line_1_26' title="bbox 141 1814 1661 1874; baseline 0.003 -20"><span class='ocrx_word' id='word_1_200' title='bbox 141 1815 186 1855; x_wconf 87' lang='lat' dir='ltr'>et</span> <span class='ocrx_word' id='word_1_201' title='bbox 223 1814 328 1856; x_wconf 78' lang='lat' dir='ltr'>mihi</span> <span class='ocrx_word' id='word_1_202' title='bbox 365 1817 568 1871; x_wconf 86' lang='lat' dir='ltr'>quoniam</span> <span class='ocrx_word' id='word_1_203' title='bbox 604 1817 745 1859; x_wconf 90' lang='lat' dir='ltr'>locum</span> <span class='ocrx_word' id='word_1_204' title='bbox 778 1818 863 1860; x_wconf 83' lang='lat' dir='ltr'>iam</span> <span class='ocrx_word' id='word_1_205' title='bbox 893 1834 979 1861; x_wconf 89' lang='lat' dir='ltr'>non</span> <span class='ocrx_word' id='word_1_206' title='bbox 1010 1819 1155 1874; x_wconf 86' lang='lat' dir='ltr'>habet,</span> <span class='ocrx_word' id='word_1_207' title='bbox 1186 1819 1367 1860; x_wconf 86' lang='lat' dir='ltr'>feliciter</span> <span class='ocrx_word' id='word_1_208' title='bbox 1397 1817 1569 1870; x_wconf 85' lang='lat' dir='ltr'>accidit,</span> <span class='ocrx_word' id='word_1_209' title='bbox 1612 1819 1661 1858; x_wconf 91' lang='lat' dir='ltr'>ut</span> 
     </span>
     <span class='ocr_line' id='line_1_27' title="bbox 141 1877 1660 1945; baseline 0.001 -19"><span class='ocrx_word' id='word_1_210' title='bbox 141 1883 187 1926; x_wconf 86' lang='lat' dir='ltr'>in</span> <span class='ocrx_word' id='word_1_211' title='bbox 217 1885 308 1927; x_wconf 86' lang='lat' dir='ltr'>cod.</span> <span class='ocrx_word' id='word_1_212' title='bbox 326 1885 363 1927; x_wconf 93' lang='lat' dir='ltr'>B</span> <span class='ocrx_word' id='word_1_213' title='bbox 394 1886 519 1929; x_wconf 83' lang='lat' dir='ltr'>verae</span> <span class='ocrx_word' id='word_1_214' title='bbox 551 1888 786 1942; x_wconf 88' lang='lat' dir='ltr'>scripturae</span> <span class='ocrx_word' id='word_1_215' title='bbox 811 1889 1040 1945; x_wconf 82' lang='lat' dir='ltr'>vestigium</span> <span class='ocrx_word' id='word_1_216' title='bbox 1065 1877 1339 1931; x_wconf 85' lang='lat' dir='ltr'>remanserit:</span> <span class='ocrx_word' id='word_1_217' title='bbox 1371 1888 1562 1942; x_wconf 88' lang='lat' dir='ltr'>dispesto</span> <span class='ocrx_word' id='word_1_218' title='bbox 1595 1888 1660 1929; x_wconf 93' lang='lat' dir='ltr'>ni-</span> 
     </span>
    </p>
   </div>
   <div class='ocr_carea' id='block_1_4' title="bbox 141 1955 1661 2070">
    <p class='ocr_par' dir='ltr' id='par_1_5' title="bbox 141 1955 1661 2070">
     <span class='ocr_line' id='line_1_28' title="bbox 141 1955 1661 2016; baseline 0.002 -20"><span class='ocrx_word' id='word_1_219' title='bbox 141 1955 299 1997; x_wconf 90' lang='lat' dir='ltr'>mirum</span> <span class='ocrx_word' id='word_1_220' title='bbox 328 1955 425 1999; x_wconf 72' lang='lat' dir='ltr'>Izi—c</span> <span class='ocrx_word' id='word_1_221' title='bbox 453 1973 584 2012; x_wconf 86' lang='lat' dir='ltr'>prave</span> <span class='ocrx_word' id='word_1_222' title='bbox 615 1959 759 2013; x_wconf 66' lang='lat' dir='ltr'>(mmai</span> <span class='ocrx_word' id='word_1_223' title='bbox 789 1960 1036 2014; x_wconf 90' lang='lat' dir='ltr'>suppletum</span> <span class='ocrx_word' id='word_1_224' title='bbox 1068 1962 1134 2001; x_wconf 91' lang='lat' dir='ltr'>est</span> <span class='ocrx_word' id='word_1_225' title='bbox 1145 1957 1211 2016; x_wconf 68' lang='grc'>66),</span> <span class='ocrx_word' id='word_1_226' title='bbox 1242 1962 1291 2001; x_wconf 94' lang='lat' dir='ltr'>ut</span> <span class='ocrx_word' id='word_1_227' title='bbox 1321 1959 1382 2001; x_wconf 87' lang='lat' dir='ltr'>sic</span> <span class='ocrx_word' id='word_1_228' title='bbox 1411 1959 1530 2001; x_wconf 90' lang='lat' dir='ltr'>locus</span> <span class='ocrx_word' id='word_1_229' title='bbox 1562 1973 1661 2000; x_wconf 90' lang='lat' dir='ltr'>con-</span> 
     </span>
     <span class='ocr_line' id='line_1_29' title="bbox 143 2025 488 2070; baseline 0.012 -4"><span class='ocrx_word' id='word_1_230' title='bbox 143 2025 384 2068; x_wconf 88' lang='lat' dir='ltr'>stituendus</span> <span class='ocrx_word' id='word_1_231' title='bbox 415 2028 488 2070; x_wconf 87' lang='lat' dir='ltr'>sit:</span> 
     </span>
    </p>
   </div>
   <div class='ocr_carea' id='block_1_5' title="bbox 142 2141 1660 2308">
    <p class='ocr_par' dir='ltr' id='par_1_6' title="bbox 142 2141 1660 2308">
     <span class='ocr_line' id='line_1_30' title="bbox 142 2141 1660 2192; baseline 0.003 -17"><span class='ocrx_word' id='word_1_232' title='bbox 142 2141 282 2176; x_wconf 87' lang='lat' dir='ltr'>nemini</span> <span class='ocrx_word' id='word_1_233' title='bbox 306 2143 359 2178; x_wconf 88' lang='lat' dir='ltr'>eis</span> <span class='ocrx_word' id='word_1_234' title='bbox 383 2154 478 2188; x_wconf 88' lang='lat' dir='ltr'>quae</span> <span class='ocrx_word' id='word_1_235' title='bbox 502 2143 734 2188; x_wconf 76' lang='lat' dir='ltr'>nuperi-imus</span> <span class='ocrx_word' id='word_1_236' title='bbox 755 2144 875 2180; x_wconf 90' lang='lat' dir='ltr'>editor</span> <span class='ocrx_word' id='word_1_237' title='bbox 893 2145 1098 2181; x_wconf 87' lang='lat' dir='ltr'>hariolatus</span> <span class='ocrx_word' id='word_1_238' title='bbox 1118 2148 1175 2181; x_wconf 82' lang='lat' dir='ltr'>est</span> <span class='ocrx_word' id='word_1_239' title='bbox 1192 2144 1481 2192; x_wconf 86' lang='lat' dir='ltr'>probabiliorem</span> <span class='ocrx_word' id='word_1_240' title='bbox 1499 2144 1660 2190; x_wconf 82' lang='lat' dir='ltr'>speciem</span> 
     </span>
     <span class='ocr_line' id='line_1_31' title="bbox 143 2197 1660 2248; baseline 0.003 -15"><span class='ocrx_word' id='word_1_241' title='bbox 143 2197 304 2235; x_wconf 82' lang='lat' dir='ltr'>induisse</span> <span class='ocrx_word' id='word_1_242' title='bbox 328 2201 524 2237; x_wconf 83' lang='lat' dir='ltr'>videbitur.</span> <span class='ocrx_word' id='word_1_243' title='bbox 575 2203 706 2248; x_wconf 85' lang='lat' dir='ltr'>Siquid</span> <span class='ocrx_word' id='word_1_244' title='bbox 735 2203 844 2239; x_wconf 87' lang='lat' dir='ltr'>video</span> <span class='ocrx_word' id='word_1_245' title='bbox 875 2215 949 2239; x_wconf 90' lang='lat' dir='ltr'>non</span> <span class='ocrx_word' id='word_1_246' title='bbox 974 2205 1020 2240; x_wconf 91' lang='lat' dir='ltr'>de</span> <span class='ocrx_word' id='word_1_247' title='bbox 1046 2205 1316 2248; x_wconf 82' lang='lat' dir='ltr'>excusanda,</span> <span class='ocrx_word' id='word_1_248' title='bbox 1348 2204 1414 2238; x_wconf 88' lang='lat' dir='ltr'>sed</span> <span class='ocrx_word' id='word_1_249' title='bbox 1438 2204 1485 2238; x_wconf 88' lang='lat' dir='ltr'>de</span> <span class='ocrx_word' id='word_1_250' title='bbox 1509 2203 1660 2238; x_wconf 84' lang='lat' dir='ltr'>exelu-</span> 
     </span>
     <span class='ocr_line' id='line_1_32' title="bbox 143 2257 1425 2308; baseline 0.005 -16"><span class='ocrx_word' id='word_1_251' title='bbox 143 2257 290 2294; x_wconf 76' lang='lat' dir='ltr'>denda</span> <span class='ocrx_word' id='word_1_252' title='bbox 313 2260 436 2306; x_wconf 86' lang='lat' dir='ltr'>agitur</span> <span class='ocrx_word' id='word_1_253' title='bbox 463 2260 618 2305; x_wconf 84' lang='lat' dir='ltr'>‘inopia’</span> <span class='ocrx_word' id='word_1_254' title='bbox 646 2261 706 2306; x_wconf 85' lang='lat' dir='ltr'>(cf.</span> <span class='ocrx_word' id='word_1_255' title='bbox 732 2261 825 2297; x_wconf 91' lang='lat' dir='ltr'>Rud.</span> <span class='ocrx_word' id='word_1_256' title='bbox 849 2274 885 2298; x_wconf 85' lang='lat' dir='ltr'>v.</span> <span class='ocrx_word' id='word_1_257' title='bbox 912 2265 1008 2307; x_wconf 73' lang='lat'>617),</span> <span class='ocrx_word' id='word_1_258' title='bbox 1032 2264 1075 2298; x_wconf 90' lang='lat' dir='ltr'>nt</span> <span class='ocrx_word' id='word_1_259' title='bbox 1099 2263 1351 2308; x_wconf 88' lang='lat' dir='ltr'>reponendum</span> <span class='ocrx_word' id='word_1_260' title='bbox 1376 2262 1425 2298; x_wconf 85' lang='lat' dir='ltr'>sit</span> 
     </span>
    </p>
   </div>
   <div class='ocr_carea' id='block_1_6' title="bbox 189 2327 1618 2378">
    <p class='ocr_par' dir='ltr' id='par_1_7' title="bbox 189 2327 1618 2378">
     <span class='ocr_line' id='line_1_33' title="bbox 189 2327 1618 2378; baseline 0.003 -16"><span class='ocrx_word' id='word_1_261' title='bbox 189 2327 258 2363; x_wconf 81' lang='lat' dir='ltr'>Hie</span> <span class='ocrx_word' id='word_1_262' title='bbox 283 2329 363 2364; x_wconf 86' lang='lat' dir='ltr'>dies</span> <span class='ocrx_word' id='word_1_263' title='bbox 387 2332 568 2366; x_wconf 73' lang='lat' dir='ltr'>summust</span> <span class='ocrx_word' id='word_1_264' title='bbox 593 2332 693 2376; x_wconf 84' lang='lat' dir='ltr'>apud</span> <span class='ocrx_word' id='word_1_265' title='bbox 716 2331 818 2367; x_wconf 89' lang='lat' dir='ltr'>med:</span> <span class='ocrx_word' id='word_1_266' title='bbox 843 2332 970 2377; x_wconf 82' lang='lat' dir='ltr'>inopia</span> <span class='ocrx_word' id='word_1_267' title='bbox 994 2343 1013 2367; x_wconf 89' lang='lat' dir='ltr'>e</span> <span class='ocrx_word' id='word_1_268' title='bbox 1020 2345 1044 2367; x_wconf 80' lang='lat' dir='ltr'>x</span> <span class='ocrx_word' id='word_1_269' title='bbox 1052 2333 1123 2367; x_wconf 90' lang='lat' dir='ltr'>clu</span> <span class='ocrx_word' id='word_1_270' title='bbox 1130 2345 1147 2368; x_wconf 87' lang='lat' dir='ltr'>s</span> <span class='ocrx_word' id='word_1_271' title='bbox 1155 2334 1177 2368; x_wconf 76' lang='grc' dir='ltr'>ίι</span> <span class='ocrx_word' id='word_1_272' title='bbox 1185 2345 1201 2368; x_wconf 89' lang='lat' dir='ltr'>s</span> <span class='ocrx_word' id='word_1_273' title='bbox 1208 2334 1225 2367; x_wconf 91' lang='lat' dir='ltr'>t</span> <span class='ocrx_word' id='word_1_274' title='bbox 1249 2333 1274 2367; x_wconf 89' lang='lat' dir='ltr'>d</span> <span class='ocrx_word' id='word_1_275' title='bbox 1282 2344 1303 2368; x_wconf 94' lang='grc' dir='ltr'><strong>ο</strong></span> <span class='ocrx_word' id='word_1_276' title='bbox 1310 2345 1348 2367; x_wconf 89' lang='grc' dir='ltr'>ιιι</span> <span class='ocrx_word' id='word_1_277' title='bbox 1355 2344 1377 2368; x_wconf 93' lang='lat' dir='ltr'>o</span> <span class='ocrx_word' id='word_1_278' title='bbox 1403 2333 1471 2378; x_wconf 73' lang='lat' dir='ltr'>(vel</span> <span class='ocrx_word' id='word_1_279' title='bbox 1495 2332 1618 2378; x_wconf 80' lang='lat' dir='ltr'>foras).</span> 
     </span>
    </p>
   </div>
   <div class='ocr_carea' id='block_1_7' title="bbox 140 2397 1689 2740">
    <p class='ocr_par' dir='ltr' id='par_1_8' title="bbox 140 2397 1661 2564">
     <span class='ocr_line' id='line_1_34' title="bbox 140 2397 1661 2446; baseline 0.002 -13"><span class='ocrx_word' id='word_1_280' title='bbox 140 2397 269 2434; x_wconf 73' lang='lat' dir='ltr'>Fidem</span> <span class='ocrx_word' id='word_1_281' title='bbox 294 2399 496 2435; x_wconf 80' lang='lat' dir='ltr'>conciliant</span> <span class='ocrx_word' id='word_1_282' title='bbox 519 2413 552 2436; x_wconf 82' lang='lat' dir='ltr'>v.</span> <span class='ocrx_word' id='word_1_283' title='bbox 564 2405 635 2442; x_wconf 64' lang='grc'>494</span> <span class='ocrx_word' id='word_1_284' title='bbox 650 2413 740 2446; x_wconf 67' lang='lat' dir='ltr'>sqq„</span> <span class='ocrx_word' id='word_1_285' title='bbox 766 2401 830 2436; x_wconf 90' lang='lat' dir='ltr'>ubi</span> <span class='ocrx_word' id='word_1_286' title='bbox 849 2412 934 2436; x_wconf 88' lang='lat' dir='ltr'>cum</span> <span class='ocrx_word' id='word_1_287' title='bbox 952 2401 1143 2437; x_wconf 88' lang='lat' dir='ltr'>Cleaereta</span> <span class='ocrx_word' id='word_1_288' title='bbox 1161 2402 1356 2438; x_wconf 86' lang='lat' dir='ltr'>consilium</span> <span class='ocrx_word' id='word_1_289' title='bbox 1374 2403 1469 2437; x_wconf 89' lang='lat' dir='ltr'>illud</span> <span class='ocrx_word' id='word_1_290' title='bbox 1488 2404 1661 2438; x_wconf 79' lang='lat' dir='ltr'>exsecuta</span> 
     </span>
     <span class='ocr_line' id='line_1_35' title="bbox 142 2455 1661 2505; baseline 0.003 -14"><span class='ocrx_word' id='word_1_291' title='bbox 142 2455 208 2502; x_wconf 87' lang='lat' dir='ltr'>sit,</span> <span class='ocrx_word' id='word_1_292' title='bbox 239 2457 470 2503; x_wconf 86' lang='lat' dir='ltr'>Argurippus</span> <span class='ocrx_word' id='word_1_293' title='bbox 495 2460 731 2504; x_wconf 85' lang='lat' dir='ltr'>conqueritur</span> <span class='ocrx_word' id='word_1_294' title='bbox 756 2461 882 2495; x_wconf 84' lang='lat' dir='ltr'>Mater</span> <span class='ocrx_word' id='word_1_295' title='bbox 905 2471 1152 2505; x_wconf 79' lang='lat' dir='ltr'>supremum</span> <span class='ocrx_word' id='word_1_296' title='bbox 1176 2465 1242 2496; x_wconf 83' lang='lat' dir='ltr'>tua</span> <span class='ocrx_word' id='word_1_297' title='bbox 1265 2462 1356 2496; x_wconf 81' lang='lat' dir='ltr'><strong><em>mihi</em></strong></span> <span class='ocrx_word' id='word_1_298' title='bbox 1378 2462 1493 2496; x_wconf 71' lang='lat' dir='ltr'>dioeit:</span> <span class='ocrx_word' id='word_1_299' title='bbox 1517 2462 1661 2496; x_wconf 80' lang='lat' dir='ltr'>domum</span> 
     </span>
     <span class='ocr_line' id='line_1_36' title="bbox 143 2515 1534 2564; baseline 0.004 -15"><span class='ocrx_word' id='word_1_300' title='bbox 143 2515 198 2550; x_wconf 83' lang='lat' dir='ltr'>ire</span> <span class='ocrx_word' id='word_1_301' title='bbox 221 2515 329 2550; x_wconf 79' lang='lat' dir='ltr'>iussit</span> <span class='ocrx_word' id='word_1_302' title='bbox 354 2515 589 2562; x_wconf 85' lang='lat' dir='ltr'>Libanusque</span> <span class='ocrx_word' id='word_1_303' title='bbox 614 2517 735 2553; x_wconf 89' lang='lat' dir='ltr'>addit:</span> <span class='ocrx_word' id='word_1_304' title='bbox 762 2519 880 2554; x_wconf 86' lang='lat' dir='ltr'>Homo</span> <span class='ocrx_word' id='word_1_305' title='bbox 903 2520 1017 2554; x_wconf 79' lang='lat' dir='ltr'>hercle</span> <span class='ocrx_word' id='word_1_306' title='bbox 1040 2520 1125 2554; x_wconf 68' lang='lat' dir='ltr'>hinc</span> <span class='ocrx_word' id='word_1_307' title='bbox 1148 2521 1375 2555; x_wconf 78' lang='lat' dir='ltr'>exclusust</span> <span class='ocrx_word' id='word_1_308' title='bbox 1400 2521 1534 2564; x_wconf 80' lang='lat' dir='ltr'>foras.</span> 
     </span>
    </p>

    <p class='ocr_par' dir='ltr' id='par_1_9' title="bbox 144 2573 1689 2740">
     <span class='ocr_line' id='line_1_37' title="bbox 240 2573 1662 2623; baseline 0.004 -16"><span class='ocrx_word' id='word_1_309' title='bbox 240 2574 299 2618; x_wconf 80' lang='lat'>65)</span> <span class='ocrx_word' id='word_1_310' title='bbox 324 2573 379 2608; x_wconf 85' lang='lat' dir='ltr'>Cf.</span> <span class='ocrx_word' id='word_1_311' title='bbox 405 2573 486 2609; x_wconf 87' lang='lat' dir='ltr'>Ter.</span> <span class='ocrx_word' id='word_1_312' title='bbox 511 2574 604 2610; x_wconf 86' lang='lat' dir='ltr'>Eun.</span> <span class='ocrx_word' id='word_1_313' title='bbox 630 2588 664 2613; x_wconf 79' lang='lat' dir='ltr'>v.</span> <span class='ocrx_word' id='word_1_314' title='bbox 678 2580 764 2612; x_wconf 80' lang='lat'><strong>319:</strong></span> <span class='ocrx_word' id='word_1_315' title='bbox 788 2577 883 2612; x_wconf 80' lang='lat' dir='ltr'>hanc</span> <span class='ocrx_word' id='word_1_316' title='bbox 906 2580 947 2612; x_wconf 80' lang='lat' dir='ltr'>tu</span> <span class='ocrx_word' id='word_1_317' title='bbox 971 2578 1061 2612; x_wconf 80' lang='lat' dir='ltr'>mihi</span> <span class='ocrx_word' id='word_1_318' title='bbox 1084 2579 1139 2613; x_wconf 71' lang='lat' dir='ltr'>rel</span> <span class='ocrx_word' id='word_1_319' title='bbox 1161 2579 1200 2613; x_wconf 83' lang='lat' dir='ltr'>vi</span> <span class='ocrx_word' id='word_1_320' title='bbox 1223 2580 1277 2614; x_wconf 78' lang='lat' dir='ltr'>vel</span> <span class='ocrx_word' id='word_1_321' title='bbox 1301 2580 1394 2614; x_wconf 83' lang='lat' dir='ltr'>clam</span> <span class='ocrx_word' id='word_1_322' title='bbox 1418 2580 1472 2614; x_wconf 82' lang='lat' dir='ltr'>vel</span> <span class='ocrx_word' id='word_1_323' title='bbox 1490 2579 1662 2623; x_wconf 78' lang='lat' dir='ltr'>precario</span> 
     </span>
     <span class='ocr_line' id='line_1_38' title="bbox 144 2630 1689 2682; baseline 0.003 -16"><span class='ocrx_word' id='word_1_324' title='bbox 144 2630 227 2666; x_wconf 83' lang='lat' dir='ltr'>Fac</span> <span class='ocrx_word' id='word_1_325' title='bbox 249 2632 394 2675; x_wconf 70' lang='grc' dir='ltr'>ἰναᾱαες</span> <span class='ocrx_word' id='word_1_326' title='bbox 421 2632 494 2668; x_wconf 88' lang='lat' dir='ltr'>Cic.</span> <span class='ocrx_word' id='word_1_327' title='bbox 519 2645 587 2678; x_wconf 85' lang='lat' dir='ltr'>pro</span> <span class='ocrx_word' id='word_1_328' title='bbox 612 2634 717 2670; x_wconf 80' lang='lat' dir='ltr'>Caec.</span> <span class='ocrx_word' id='word_1_329' title='bbox 743 2639 800 2679; x_wconf 87' lang='lat'>31,</span> <span class='ocrx_word' id='word_1_330' title='bbox 827 2639 889 2670; x_wconf 82' lang='lat'>92:</span> <span class='ocrx_word' id='word_1_331' title='bbox 920 2646 984 2680; x_wconf 73' lang='grc' dir='ltr'>ῃεο</span> <span class='ocrx_word' id='word_1_332' title='bbox 1006 2637 1045 2670; x_wconf 77' lang='lat' dir='ltr'>vi</span> <span class='ocrx_word' id='word_1_333' title='bbox 1067 2647 1133 2671; x_wconf 78' lang='lat' dir='ltr'>nec</span> <span class='ocrx_word' id='word_1_334' title='bbox 1156 2638 1248 2672; x_wconf 83' lang='lat' dir='ltr'>clam</span> <span class='ocrx_word' id='word_1_335' title='bbox 1272 2649 1336 2673; x_wconf 73' lang='lat' dir='ltr'>nec</span> <span class='ocrx_word' id='word_1_336' title='bbox 1353 2638 1524 2682; x_wconf 75' lang='lat' dir='ltr'>precario</span> <span class='ocrx_word' id='word_1_337' title='bbox 1545 2638 1660 2681; x_wconf 77' lang='lat' dir='ltr'>possi-</span> <span class='ocrx_word' id='word_1_338' title='bbox 1683 2654 1689 2661; x_wconf 84' lang='lat'><em>=</em></span> 
     </span>
     <span class='ocr_line' id='line_1_39' title="bbox 144 2690 1532 2740; baseline 0.004 -15"><span class='ocrx_word' id='word_1_339' title='bbox 144 2690 243 2734; x_wconf 79' lang='lat' dir='ltr'>dere3</span> <span class='ocrx_word' id='word_1_340' title='bbox 268 2692 462 2736; x_wconf 86' lang='lat' dir='ltr'>praeterea</span> <span class='ocrx_word' id='word_1_341' title='bbox 486 2691 581 2729; x_wconf 84' lang='lat' dir='ltr'>Rud.</span> <span class='ocrx_word' id='word_1_342' title='bbox 607 2705 640 2728; x_wconf 78' lang='grc' dir='ltr'>ν.</span> <span class='ocrx_word' id='word_1_343' title='bbox 656 2697 723 2728; x_wconf 84' lang='grc'>733</span> <span class='ocrx_word' id='word_1_344' title='bbox 747 2694 786 2728; x_wconf 74' lang='lat' dir='ltr'>ri</span> <span class='ocrx_word' id='word_1_345' title='bbox 810 2695 890 2738; x_wconf 73' lang='lat' dir='ltr'>ayis</span> <span class='ocrx_word' id='word_1_346' title='bbox 913 2705 1059 2737; x_wconf 84' lang='lat' dir='ltr'>mecum,</span> <span class='ocrx_word' id='word_1_347' title='bbox 1083 2695 1160 2730; x_wconf 82' lang='lat' dir='ltr'>Mil.</span> <span class='ocrx_word' id='word_1_348' title='bbox 1186 2695 1279 2740; x_wconf 91' lang='lat' dir='ltr'>glor.</span> <span class='ocrx_word' id='word_1_349' title='bbox 1304 2709 1339 2731; x_wconf 86' lang='lat' dir='ltr'>v.</span> <span class='ocrx_word' id='word_1_350' title='bbox 1365 2701 1432 2730; x_wconf 83' lang='lat'>453</span> <span class='ocrx_word' id='word_1_351' title='bbox 1454 2707 1532 2740; x_wconf 86' lang='lat' dir='ltr'>sqq.</span> 
     </span>
    </p>
   </div>
   <div class='ocr_carea' id='block_1_8' title="bbox 144 2749 1660 2905">
    <p class='ocr_par' dir='ltr' id='par_1_10' title="bbox 144 2749 1660 2905">
     <span class='ocr_line' id='line_1_40' title="bbox 239 2749 1660 2799; baseline 0.004 -16"><span class='ocrx_word' id='word_1_352' title='bbox 239 2750 298 2793; x_wconf 84' lang='grc'>66)</span> <span class='ocrx_word' id='word_1_353' title='bbox 323 2749 378 2783; x_wconf 84' lang='lat' dir='ltr'>Ex</span> <span class='ocrx_word' id='word_1_354' title='bbox 403 2750 556 2794; x_wconf 80' lang='lat' dir='ltr'>syllabis</span> <span class='ocrx_word' id='word_1_355' title='bbox 581 2751 679 2786; x_wconf 84' lang='lat' dir='ltr'>male</span> <span class='ocrx_word' id='word_1_356' title='bbox 703 2751 884 2796; x_wconf 86' lang='lat' dir='ltr'>suppletis</span> <span class='ocrx_word' id='word_1_357' title='bbox 909 2752 1023 2788; x_wconf 87' lang='lat' dir='ltr'>etiam</span> <span class='ocrx_word' id='word_1_358' title='bbox 1049 2753 1232 2798; x_wconf 88' lang='lat' dir='ltr'>Amphitr.</span> <span class='ocrx_word' id='word_1_359' title='bbox 1259 2765 1400 2799; x_wconf 80' lang='lat' dir='ltr'>argum.</span> <span class='ocrx_word' id='word_1_360' title='bbox 1426 2755 1558 2789; x_wconf 82' lang='lat' dir='ltr'>aerest.</span> <span class='ocrx_word' id='word_1_361' title='bbox 1584 2765 1617 2789; x_wconf 87' lang='lat' dir='ltr'>v.</span> <span class='ocrx_word' id='word_1_362' title='bbox 1638 2757 1660 2789; x_wconf 79' lang='lat'>9</span> 
     </span>
     <span class='ocr_line' id='line_1_41' title="bbox 144 2805 652 2853; baseline 0.008 -13"><span class='ocrx_word' id='word_1_363' title='bbox 144 2805 446 2851; x_wconf 81' lang='lat' dir='ltr'>depravationem</span> <span class='ocrx_word' id='word_1_364' title='bbox 469 2810 652 2853; x_wconf 83' lang='lat' dir='ltr'>repetam:</span> 
     </span>
     <span class='ocr_line' id='line_1_42' title="bbox 214 2871 1375 2905; baseline 0.008 -9"><span class='ocrx_word' id='word_1_365' title='bbox 214 2871 359 2897; x_wconf 76' lang='lat' dir='ltr'>Analecta</span> <span class='ocrx_word' id='word_1_366' title='bbox 379 2873 476 2900; x_wconf 74' lang='lat' dir='ltr'>Plant.</span> <span class='ocrx_word' id='word_1_367' title='bbox 1355 2874 1375 2905; x_wconf 89' lang='lat'><strong>3</strong></span> 
     </span>
    </p>
   </div>
  </div>
 </body>
</html>
