1904 3106
909 98 1169 138 ..4-

279 200 437 242 malum
468 204 543 242 aut
566 201 765 242 damnum
789 202 902 252 dari,
934 216 1070 257 neque
1100 205 1246 244 tamen
1279 203 1458 245 eandem
1489 204 1808 246 excusationem

279 270 474 312 admittit
505 286 633 313 versu
658 271 713 327 ΙΙ,
739 272 778 327 2,
798 272 855 313 32
887 273 974 314 iam
999 272 1180 328 [hercle]
1212 287 1280 327 eqo
1311 274 1408 316 istos
1439 276 1483 316 et
1506 273 1562 330 ΙΙ,
1586 274 1628 330 2,
1651 274 1706 316 15
1735 275 1808 318 ad-

278 342 423 384 venisti
452 342 530 384 huc
562 347 596 385 te
627 347 871 386 ostentatum
903 344 1046 400 [cum]
1077 347 1286 388 escornatis
1317 345 1473 388 ossibus
1497 342 1557 400 (p.
1580 343 1702 402 135),
1732 346 1807 388 ubi

277 412 405 455 hercle
437 416 480 455 et
511 427 603 467 eum
635 414 688 456 ad
721 415 970 457 evitandum
1003 415 1171 457 hiatum
1203 416 1257 458 ab
1294 416 1468 458 homine
1509 416 1704 460 litterato
1736 417 1809 472 qui

211 526 217 531 ,
279 484 619 526 Ambrosianum
662 487 879 528 recensuit
922 487 1086 528 inserta
1130 501 1223 528 esse
1266 487 1408 541 putat!
1471 486 1533 528 At
1570 502 1670 530 vero
1712 502 1807 530 cum

276 554 405 597 hercle
436 555 559 597 facile
591 556 846 598 intercidere
879 558 1038 612 potuit,
1070 560 1164 599 tum
1195 571 1287 599 cum
1317 557 1423 599 illud
1454 560 1555 612 post
1585 558 1807 614 [ostenta]—

278 629 365 668 tum
396 641 498 668 usus
531 626 758 670 Plautinus
793 629 1019 684 efflagitat.
1082 629 1196 679 Quin
1226 643 1279 670 ne
1313 628 1420 670 talia
1451 629 1624 684 quidem
1656 631 1808 673 afferre

279 699 322 737 et
360 711 612 740 coacervare
651 699 908 755 dedignatus
949 702 1015 742 est
1045 699 1278 755 Bergkius‚
1317 700 1436 742 velut
1473 691 1587 756 quod
1617 700 1678 756 ΙΙ,
1707 702 1754 756 4,
1780 702 1807 744 6

276 767 408 810 hercle
439 782 506 823 eqo
539 784 635 811 cum
667 769 789 812 hiatu
822 770 868 825 P,
900 769 939 811 A
970 770 1127 812 hercule
1157 785 1242 826 eqo,
1274 771 1464 826 itemque
1495 770 1534 826 Ι,
1559 771 1606 826 2,
1633 772 1685 814 16
1717 786 1808 815 cum

278 853 419 881 eorum
445 841 676 894 afferimus
700 841 787 896 illi,
818 842 888 883 hic
913 856 1052 884 eorum
1077 856 1169 884 eum
1193 843 1423 896 ayyerimus
1449 842 1670 898 exhibent,
1701 857 1807 898 quas

280 909 527 954 ‘admodum
558 912 717 954 liberas
751 912 1032 955 mutationes'
1071 914 1176 955 dicit
1207 913 1367 955 ‘hiatus
1398 913 1647 956 removendi
1678 928 1809 956 causa

277 982 323 1022 in
354 982 644 1026 Ambrosiam)
684 984 857 1027 factas'!
920 985 1060 1034 Quare
1092 987 1184 1027 tam
1222 985 1389 1027 futtilia
1427 987 1683 1040 argumenta
1719 985 1808 1028 iam

278 1052 453 1105 omitto,
487 1068 595 1109 quae
622 1055 658 1097 si
685 1056 787 1111 quid
818 1057 1053 1111 probarent
1078 1057 1209 1099 etiam
1229 1055 1344 1099 BCD
1366 1056 1532 1098 codices
1559 1071 1610 1098 ex
1641 1056 1807 1099 diverso

278 1124 391 1166 inter
422 1139 467 1166 se
498 1125 619 1168 fonte
650 1127 905 1181 profluxisse
936 1127 1055 1169 facili
1086 1127 1266 1182 negotio
1293 1127 1579 1169 demonstrari
1604 1125 1807 1184 possetss).

395 1195 460 1237 Ac
509 1211 563 1238 ne
612 1197 724 1239 illud
774 1198 948 1253 quidem
998 1199 1260 1254 attingerem
1310 1197 1425 1253 quod
1476 1197 1582 1239 satis
1631 1198 1809 1240 licenter

277 1266 492 1322 Bergkius
524 1283 566 1322 p.
595 1268 678 1311 136
711 1283 837 1311 versu
867 1269 930 1324 ΙΙ,
962 1270 1007 1324 2,
1037 1271 1088 1312 17
1122 1270 1166 1311 in
1198 1285 1288 1312 rem
1321 1284 1444 1311 suam
1473 1283 1576 1311 usus
1609 1271 1694 1324 est,
1724 1269 1811 1311 nisi

276 1336 358 1379 hac
390 1339 615 1381 occasione
647 1339 750 1381 data
787 1355 936 1382 versus
975 1341 1019 1382 in
1056 1343 1240 1396 utroque
1279 1340 1400 1382 fonte
1439 1339 1630 1395 corrupti
1668 1354 1808 1381 emen-

277 1408 495 1451 dationem
540 1411 594 1452 ab
636 1411 732 1452 aliis
770 1411 1020 1454 incohatam
1060 1412 1284 1454 absolvere
1321 1425 1448 1466 posse
1485 1410 1594 1452 mihi
1628 1410 1808 1453 viderer.

277 1479 328 1521 In
361 1495 410 1523 eo
443 1481 558 1522 enim
589 1481 678 1523 iam
709 1481 798 1524 fere
832 1484 1108 1525 consentiunt
1138 1483 1336 1525 homines
1369 1481 1485 1523 docti
1515 1496 1554 1523 v.
1582 1481 1636 1523 16
1669 1481 1808 1533 Quian

279 1551 352 1592 tibi
394 1565 516 1594 suaso
556 1552 736 1604 infecisti
770 1554 1028 1606 propudiosa
1063 1554 1273 1607 pallulam
1315 1552 1587 1594 scribendum
1626 1567 1807 1608 eumque

279 1636 376 1663 cum
408 1637 535 1664 versu
567 1623 818 1679 insequente
851 1624 1195 1680 coniungendi&
1227 1639 1331 1666 esse.
1374 1623 1481 1665 Eius
1506 1638 1607 1666 vero
1632 1623 1807 1666 initium

279 1708 329 1734 ex
355 1693 637 1736 Ambrosiani
669 1695 866 1750 vestigiis
898 1709 955 1736 an
985 1710 1028 1737 eo
1060 1696 1164 1738 bella
1194 1709 1235 1737 es
1264 1696 1365 1750 quia
1396 1695 1527 1750 &epis
1556 1695 1631 1737 tibi
1660 1692 1737 1751 (an
1763 1708 1808 1737 eo

278 1764 381 1806 bella
412 1768 470 1807 est
499 1765 827 1820 qui(a)aecepz'sti
850 1764 903 1822 P)
936 1766 997 1808 sic
1023 1766 1372 1808 constituendum
1405 1780 1515 1807 esse:
1544 1779 1602 1808 an
1629 1779 1672 1807 eo
1703 1765 1809 1808 bella

279 1835 311 1876 ’s
341 1836 441 1888 quia
471 1837 592 1890 clepis
618 1837 691 1878 tibi
717 1851 813 1878 011111
835 1835 1066 1891 Spengelio
1087 1836 1380 1892 Kiesslingius
1400 1836 1596 1892 Buggiu's
1615 1834 1807 1878 Kochius

279 1906 570 1962 consentiunt,
601 1921 679 1948 nec
707 1906 941 1948 Muellerus
974 1921 1048 1948 cur
1079 1907 1205 1948 aliter
1237 1907 1398 1949 sentiat
1429 1908 1639 1949 rationem
1670 1906 1806 1948 reddi-

279 1977 353 2018 dit.
413 1977 504 2019 Iam
550 1992 651 2020 vero
691 1981 927 2020 extremam
967 1992 1113 2020 versus
1154 1980 1322 2032 partem
1359 1978 1552 2020 armilias
1587 1984 1729 2034 afneas
1766 1976 1806 2018 A

280 2047 412 2102 (idem
443 2049 489 2089 in
514 2049 708 2104 margine
734 2082 743 2090 .
764 2082 773 2090 .
794 2082 802 2090 .
823 2081 831 2090 .
865 2047 954 2103 AS,
986 2049 1170 2090 fortasse
1197 2047 1433 2092 AENEAS
1459 2046 1662 2104 addidit),
1692 2061 1808 2089 arme

279 2117 420 2174 (arma
451 2117 546 2174 OD)
590 2121 790 2162 aduenias
831 2119 865 2161 P
905 2134 994 2161 non
1036 2134 1162 2173 posse
1206 2134 1302 2161 cum
1334 2109 1627 2170 Studemun'do
1672 2118 1807 2160 statui

374 2250 410 2291 8)
438 2247 551 2282 Velut
576 2249 603 2292 Ι,
624 2252 657 2293 2,
672 2252 716 2283 36
743 2248 771 2282 Β
792 2259 874 2282 eum
895 2248 926 2282 A
951 2258 1013 2293 eqo
1039 2259 1190 2283 servans
1215 2247 1462 2282 bellissimum
1487 2246 1631 2282 hiatum
1656 2257 1806 2292 pessum

278 2305 360 2348 dat;
386 2306 413 2350 I,
435 2310 467 2350 2,
488 2311 530 2342 18
558 2309 683 2342 autem
710 2318 753 2342 ex
781 2308 876 2342 bona
900 2318 978 2342 mea
996 2307 1133 2352 deyessi
1156 2306 1196 2340 in
1220 2306 1250 2340 B
1275 2307 1365 2341 donc
1392 2306 1548 2340 adecessi
1572 2306 1713 2340 factum
1736 2306 1805 2349 est,

279 2365 375 2400 unde
402 2365 463 2400 CD
484 2367 582 2401 dona
606 2367 762 2402 concessi
787 2367 1040 2402 correxerunt:
1067 2377 1162 2410 quae
1189 2366 1220 2401 si
1246 2365 1360 2401 etiam
1379 2365 1427 2400 ad
1447 2364 1611 2400 codicem
1637 2364 1666 2399 B
1691 2363 1805 2410 perti·

280 2426 384 2459 neret
404 2425 639 2471 depravatio,
660 2426 796 2461 iterum
816 2425 960 2460 hiatum
980 2425 1190 2460 lucraturus
1211 2425 1250 2459 et
1267 2423 1477 2469 graviorem
1495 2422 1703 2458 dissensum
1721 2432 1804 2467 pro-

279 2484 339 2519 cul
366 2484 478 2520 dubio
499 2486 694 2520 notaturus
714 2487 796 2520 erat
814 2485 1013 2530 Bergkius:
1039 2495 1126 2519 nam
1147 2486 1152 2527 Ι
1175 2485 1237 2529 e'yo
1259 2485 1264 2525 Ι
1285 2484 1356 2518 huc
1374 2483 1471 2518 ἀόηα
1490 2482 1660 2527 eonyessi.
1700 2479 1806 2523 Quod

279 2554 367 2578 vero
393 2543 486 2578 talia
512 2555 660 2589 quoque
687 2542 877 2586 adhibuit,
909 2543 1036 2588 qualia
1068 2543 1152 2578 sunt
1176 2542 1227 2586 11,
1254 2546 1293 2586 4,
1319 2546 1340 2578 8
1366 2542 1471 2577 hodie
1495 2551 1600 2576 cenas
1623 2539 1665 2586 P,
1700 2551 1807 2576 cenas

278 2603 383 2638 hodie
402 2603 445 2647 A,
472 2603 517 2647 ΙΙ,
538 2607 571 2646 4,
587 2607 632 2637 34
657 2602 862 2648 31ι111ηια[3]
886 2613 1022 2646 semper
1041 2603 1080 2645 P,
1106 2612 1242 2646 semper
1267 2611 1408 2636 summa
1432 2600 1481 2635 A:
1508 2600 1553 2644 II,
1575 2603 1642 2644 1,4
1667 2598 1696 2633 B
1721 2596 1806 2634 011111

280 2662 312 2695 A
338 2662 455 2697 habet
479 2663 625 2697 neniam
651 2662 758 2705 diaeit,
785 2662 882 2696 dimit
901 2661 1047 2696 neniam
1069 2659 1143 2704 CD,
1170 2660 1214 2704 II,
1235 2664 1267 2704 4,
1283 2664 1302 2695 7
1329 2661 1433 2695 salva
1456 2660 1525 2695 sim
1543 2659 1584 2711 B,
1607 2659 1677 2694 sim
1701 2659 1807 2694 salva

281 2720 342 2755 CD
369 2732 436 2765 pro
460 2722 562 2756 salva
588 2722 639 2755 sis
663 2722 695 2754 A
721 2720 800 2755 sim.
853 2720 925 2755 Sed
950 2720 1042 2754 haec
1069 2718 1131 2754 vix
1157 2730 1249 2764 opus
1276 2721 1332 2753 est
1356 2720 1398 2753 ut
1422 2718 1634 2763 respiciam,
1668 2717 1805 2753 nedum

282 2780 322 2812 ut
353 2779 604 2815 demonstrem
636 2791 749 2824 quam
781 2789 892 2822 saepe
924 2778 1075 2813 vocibus
1106 2777 1157 2812 sic
1195 2777 1360 2812 traiectis
1394 2776 1584 2812 omissisve
1615 2787 1662 2811 ne
1698 2775 1806 2812 hiatu

281 2837 429 2881 quidem
458 2839 698 2883 omnibusque
724 2838 885 2873 licent-iis
912 2835 1136 2871 advocitatis
1161 2847 1287 2870 versus
1313 2835 1505 2870 efficiatur.
