1904 3106
722 117 1014 158 -41-

111 219 208 266 dem
255 223 497 267 locutiones
546 221 798 277 easdemque
845 221 1024 264 facetias
1074 220 1312 262 tralaticias
1362 233 1455 261 esse
1505 231 1632 259 nemo

110 295 294 352 ignorat.
353 293 447 336 Iam
478 293 583 335 haec
615 292 866 335 acutissima
896 291 1120 334 Ritschelii
1155 290 1429 333 ratiocinatio
1461 288 1632 344 Parerg.

110 380 153 421 p.
182 365 270 408 233
290 379 352 420 sq.
383 363 569 406 erat:'in
600 364 661 406 eis
692 363 895 419 prologis,
926 377 1108 418 quorum
1141 361 1264 417 origo
1297 360 1483 416 genuina
1514 361 1634 401 extra

110 435 423 478 dubitationem
441 434 584 490 posita
604 434 673 488 sit,
698 433 967 475 Terentianis
995 432 1171 486 scilicet,
1196 432 1400 487 quoniam
1420 445 1634 486 nusquam

0 476 3 510 ἶ
31 499 38 507 ⁸
113 506 256 562 ipsum
286 507 440 561 poetae
470 519 629 546 nomen
659 506 813 557 exstet,
854 503 927 545 sed
960 497 1133 558 ‘poeta'
1165 503 1334 544 dicatur
1371 501 1635 556 simpliciter,

112 579 267 621 eontra
301 577 349 619 in
386 576 466 630 eis,
508 589 617 630 quae
655 574 907 617 certissimis
943 573 1187 616 rationibus
1226 589 1252 615 a
1283 573 1438 615 Plauto
1471 571 1634 614 abiudi-

110 647 236 691 candi
283 647 388 702 sint,
444 645 678 689 Sarsinatis
735 648 888 701 poetae
943 659 1102 687 nomen
1151 644 1311 686 diserte
1362 645 1635 697 memoretur,

110 732 315 775 magnam
356 718 455 760 inde
499 717 784 773 suspicionem
827 717 1031 768 incidere,
1082 715 1234 758 ubiubi
1277 729 1436 757 nomen
1480 717 1632 769 exstet,

111 788 286 832 omnino
310 788 542 845 genuinum
566 803 654 830 non
680 802 772 830 esse
796 788 1036 844 prologum.
1079 787 1204 830 Hanc
1224 801 1324 829 vero
1345 786 1633 841 suspicionem

111 859 334 915 ipsamque
374 859 761 916 argumentationis
800 858 1120 902 Ritschelianae
1160 858 1246 899 vim
1288 860 1331 899 et
1372 857 1632 912 gravitatem

110 929 182 972 vix
206 929 367 972 talibus
391 930 644 973 ratiunculis
669 929 867 972 imminui
894 945 943 972 ac
968 929 1185 972 debilitari
1211 927 1452 981 credideris,
1483 927 1633 983 quales

112 999 164 1042 de
194 1000 454 1044 Truculento
484 1000 692 1044 Dziatzko
724 1001 1001 1057 excogitavit:
1033 1017 1071 1044 v.
1094 1000 1225 1043 1—3:

260 1084 264 1086 ⁵
324 1094 583 1150 Perparvam
615 1098 784 1150 partem
813 1095 1008 1150 postulat
1038 1094 1221 1137 Plautus
1253 1095 1338 1138 loci

322 1163 388 1207 De
419 1165 575 1208 vostris
606 1166 775 1221 magnis
809 1167 936 1221 atque
967 1165 1157 1208 amoenis
1189 1165 1426 1220 moenibus,

324 1235 523 1278 Athenas
554 1251 638 1291 quo
671 1237 764 1278 sine
796 1236 1040 1278 architectis
1072 1236 1278 1288 conferat,

113 1344 210 1372 cum
248 1345 325 1386 per
362 1345 606 1386 praesens
646 1333 817 1386 tempus
858 1331 992 1373 verba
1031 1332 1157 1386 fiant,
1201 1330 1405 1373 adstriete
1446 1331 1634 1386 quodam

111 1400 240 1444 modo
271 1401 556 1445 demonstrari
586 1417 712 1458 posse
738 1403 849 1445 huuc
874 1403 1015 1445 locum
1034 1403 1178 1446 Plauti
1204 1401 1437 1458 genuinum
1463 1416 1555 1444 esse
1569 1399 1633 1459 76).

113 1470 225 1520 Quid
253 1472 397 1514 enim?
440 1470 487 1514 Si
511 1473 579 1515 vel
605 1474 958 1516 sexcentesimam
989 1474 1122 1516 fuisse
1148 1474 1360 1516 actionem
1393 1473 1636 1527 statuimus,

114 1543 258 1583 utrum
297 1541 523 1591 dicendum
564 1546 656 1585 erat
694 1545 959 1600 prologistae
1001 1544 1128 1586 ‘olim
1168 1559 1426 1599 perparvam
1465 1547 1634 1598 partem

112 1611 290 1654 Plautus
321 1613 587 1667 postulabat'
618 1614 687 1655 vel
719 1613 1001 1669 ‘postulavit',
1034 1629 1088 1656 an
1121 1613 1334 1669 ‘postulat
1363 1613 1554 1669 partem'
1580 1615 1633 1656 ad

111 1682 224 1725 hanc
279 1683 460 1738 scilicet,
516 1698 645 1738 quam
699 1684 786 1726 iam
842 1685 930 1727 sive
986 1685 1127 1727 acturi
1177 1684 1266 1726 sive
1315 1685 1497 1728 relaturi
1546 1685 1635 1727 sint

113 1753 335 1796 fabulam?

230 1823 431 1867 Ceterum
466 1824 511 1866 in
547 1825 616 1867 his
652 1826 760 1881 ipsis
798 1826 993 1868 versibus
1032 1827 1250 1882 mendum·
1271 1828 1397 1882 latet,
1438 1827 1634 1883 quamvis

115 1894 283 1949 pridem
320 1910 346 1937 a
382 1895 530 1951 Lipsio
562 1896 665 1939 Ant.
695 1897 792 1938 lect.
822 1897 876 1951 V,
907 1898 933 1939 3
974 1898 1188 1940 detectum
1224 1898 1412 1953 itemque
1451 1913 1502 1939 ex
1543 1898 1633 1939 eius

113 1965 358 2008 coniectura
393 1966 440 2008 in
480 1966 673 2009 Pareana
710 1969 847 2010 altera
862 1966 914 2024 Π)
953 1968 1171 2010 sublatum
1203 1970 1271 2011 sit.
1332 1969 1384 2011 In
1416 1968 1633 2011 codicibus

114 2035 229 2077 enim
246 2048 343 2076 cum
360 2049 439 2089 pro
457 2036 506 2077 dc
524 2038 672 2079 uestris
690 2038 896 2079 traditum
917 2038 973 2080 sit
991 2039 1203 2090 denmeris,
1230 2038 1402 2094 Lipsius
1422 2039 1631 2081 restituit:
1677 2053 1686 2058 ’

259 2151 269 2157 -
292 2127 357 2170 De
388 2129 575 2171 moeris
607 2131 777 2186 maguis
809 2133 938 2186 atque
971 2133 1163 2175 amoenis
1195 2132 1431 2175 moenibus.

116 2221 278 2265 Contra
308 2237 433 2278 quem
453 2221 663 2265 Gruterus
696 2223 922 2266 absurdius
954 2225 1017 2267 nil
1050 2241 1142 2268 esse
1173 2227 1282 2268 dixit
1305 2242 1435 2282 quam
1456 2227 1631 2270 ‘muros'

45 2342 50 2345 ‚
114 2292 176 2335 ibi
206 2292 323 2348 poni,
352 2293 427 2335 ubi
458 2294 607 2336 statim
639 2297 872 2349 sequantur
903 2295 1130 2351 ‘moenia',
1158 2296 1454 2341 Palatinorum
1487 2302 1631 2341 autem

209 2433 268 2476 76)
296 2431 400 2466 ‘Ueb.
426 2432 462 2467 d.
489 2433 615 2468 Plaut.
644 2434 745 2468 Prol.
786 2434 883 2479 Any.
910 2434 1123 2480 Gesichtsp!
1163 2436 1313 2472 Luzern.
1345 2449 1377 2473 a.
1406 2442 1495 2473 1867
1530 2450 1565 2482 p.
1592 2442 1632 2473 2:

116 2489 363 2534 ‘Desyleichen
381 2490 469 2525 ldsst
486 2491 562 2526 sich
586 2492 685 2526 nicht
709 2492 872 2537 Ιειιῃηεη,
897 2493 983 2527 dass
1006 2494 1065 2528 die
1090 2498 1113 2529 3
1138 2499 1254 2531 ersten
1274 2496 1380 2532 Ver-se
1403 2497 1464 2532 des
1492 2497 1525 2530 T
1524 2508 1630 2532 rucu-

40 2590 41 2593 ,
116 2548 395 2593 lautusproloyes
425 2551 516 2584 trote
545 2549 608 2585 der
641 2551 903 2586 nanaentlichen
933 2551 1177 2599 Erwahnuny
1213 2555 1273 2590 des
1303 2555 1472 2591 Dichters
1501 2556 1632 2591 Ntchts

116 2606 249 2649 bieten,
273 2617 348 2642 was
371 2607 423 2642 sie
447 2607 575 2652 irqend
598 2610 850 2655 verdc'ichtiyen
873 2610 1023 2646 ko'vmte:
1053 2611 1100 2655 ja
1124 2623 1160 2648 es
1183 2614 1284 2648 kann
1308 2615 1387 2649 das
1414 2614 1632 2649 Praesens

115 2665 179 2700 der
198 2665 314 2700 Verba
339 2666 418 2701 cher
441 2667 498 2701 als
514 2668 738 2711 positiver
756 2669 924 2704 Beweis
947 2670 1011 2713 fiir
1035 2671 1112 2706 ihre
1124 2671 1291 2708 Echtheit
1314 2674 1455 2718 yeltend
1471 2674 1632 2716 yemacht

40 2735 42 2738 ’
115 2724 282 2759 wei-dem.²
333 2723 386 2761 Cf.
411 2725 504 2760 Mus.
530 2725 646 2760 Rhen.
671 2727 698 2762 t.
723 2726 843 2761 XXIX
867 2739 902 2772 p.
930 2732 974 2763 60
1000 2729 1058 2773 (cf.
1085 2734 1127 2765 51
1149 2733 1216 2775 sq.)
1245 2731 1353 2766 ‘iiber
1384 2731 1426 2766 V.
1450 2735 1545 2767 1-3
1570 2743 1630 2767 ur-

116 2781 221 2817 theile
244 2783 302 2817 ich
326 2784 416 2818 noch
438 2794 488 2828 so,
513 2785 579 2819 wie
602 2797 636 2820 a.
662 2798 695 2821 α.
724 2785 781 2821 Ο.’

213 2843 270 2885 77)
297 2841 337 2877 In
361 2842 473 2879 tertia
497 2843 651 2879 retraxit
674 2844 810 2880 Pareus
836 2846 1066 2883 Grutcrianis
1091 2848 1263 2883 convitiis
1289 2849 1558 2894 obtemperans.
