1904 3106
885 55 1179 98 -86-

268 161 373 203 ticii.
441 161 532 204 Fol.
570 160 937 203 Membranaceus.
1006 161 1212 204 foliorum
1254 163 1350 205 110.
1425 162 1543 205 Sacc.
1586 163 1668 206 XV
1713 163 1798 221 (in—

270 232 471 288 euntiSP).
1717 263 1720 265 -

387 303 565 345 Litteris
592 304 756 346 Italicis
782 304 996 346 luculente
1030 306 1234 360 scriptus3
1265 306 1408 349 fronte
1439 306 1697 360 illuminata,
1727 307 1797 349 lit-

270 376 460 430 terisque
499 376 660 417 auratis
699 375 913 431 pictisque
958 376 1154 431 singulae
1199 391 1350 419 scenae
1399 377 1502 432 (nisi
1547 378 1625 420 sub
1668 378 1799 420 finem

270 445 523 502 voluminis)
557 447 773 501 praefixis.
827 446 954 489 Haud
986 448 1168 490 multum
1201 448 1335 490 distat
1365 463 1391 491 a
1422 448 1470 491 B.
1499 449 1535 504 1,
1565 449 1651 492 nisi
1684 449 1798 505 quod

271 518 502 574 aliquando
523 518 770 561 mendosior
790 523 872 573 est3
905 518 1037 569 habet
1067 519 1241 561 notulas
1273 520 1515 576 nonnullas,
1546 521 1798 576 plerumque

270 591 410 631 textus
445 590 687 644 corrigendi
720 604 849 631 causa
881 589 1067 645 margini
1099 589 1348 645 adscriptas.
1393 589 1598 634 Continet
1627 591 1798 635 fabulas

274 663 371 703 octo
403 661 584 716 priores,
617 661 767 703 eodem
800 661 948 704 ordine
981 675 1065 716 quo
1097 661 1142 702 in
1174 660 1222 703 Β.
1246 662 1267 702 1
1302 660 1538 716 digestas.’'

391 732 555 782 Quibus
589 732 829 775 addendum
862 735 929 774 est
961 747 987 774 a
1016 731 1092 774 fol.
1114 730 1217 774 100¹)
1243 747 1340 775 eum
1366 733 1618 776 recentioris
1646 749 1797 777 manus

273 819 404 858 opera
435 806 657 848 exaratum
690 818 794 845 esse.
843 803 886 845 Is
914 806 1056 845 autem
1089 804 1223 846 codex
1254 807 1480 860 propterea
1503 805 1798 847 memorabilis

275 878 351 926 est,
384 875 497 930 quod
523 890 652 917 unam
679 877 792 916 certe
817 875 990 929 Epidici
1020 875 1219 917 lacunam
1252 890 1429 931 eamque
1461 876 1568 918 satis
1601 889 1805 932 magnam

276 946 339 988 ita
372 946 515 1001 explet
546 946 690 1002 (Epid.
722 945 742 987 I
778 946 813 1000 1,
848 946 903 988 75
923 944 1054 1001 sqq.):

331 1041 426 1083 Illic
462 1040 563 1082 hinc
602 1040 712 1082 abiit
749 1041 866 1083 solus
905 1055 950 1082 es
987 1055 1111 1082 nunc.
1174 1056 1258 1096 quo
1296 1041 1340 1083 in
1376 1042 1470 1085 loco
1501 1042 1608 1084 haec
1639 1057 1707 1084 res
1740 1042 1800 1085 sit

1131 1112 1294 1167 epidice

332 1183 429 1225 Nisi
465 1183 575 1241 qtibi
613 1184 747 1225 intete
787 1183 936 1224 auxilii
969 1186 1034 1225 est
1066 1183 1320 1238 absumptus
1353 1198 1411 1226 es.
1470 1185 1619 1226 tantae
1649 1182 1697 1225 in
1727 1183 1806 1226 im-

1130 1254 1318 1308 pendent

334 1325 500 1367 Ruinae
532 1325 617 1367 nisi
651 1324 842 1367 suffulcis
875 1320 1028 1366 firmir’.
1089 1339 1177 1367 non
1207 1327 1331 1380 potes
1365 1324 1612 1368 subsistere.
1661 1326 1806 1382 itaque
1837 1326 1843 1327 ⁷

1130 1395 1222 1437 inte
1253 1395 1424 1437 irruunt

335 1468 507 1510 Montes
540 1467 655 1509 mali.
706 1480 843 1521 neque
876 1478 956 1522 ego
988 1479 1101 1507 nunc
1133 1465 1347 1520 quomodo
1379 1480 1448 1508 me
1479 1466 1725 1522 expeditum
1757 1478 1807 1509 ex

1131 1536 1338 1591 impedito

277 1622 399 1664 Unde
431 1621 477 1663 hi
509 1621 711 1663 versiculi
743 1619 987 1662 fluxerunt?
1050 1618 1165 1669 Quos
1206 1619 1243 1661 si
1281 1634 1333 1661 ex
1362 1619 1483 1662 fonte
1520 1620 1807 1675 transcriptos

277 1708 369 1736 esse
415 1695 601 1747 statuas,
646 1692 776 1733 simul
820 1692 945 1746 putes
989 1704 1161 1731 necesse
1206 1692 1271 1731 est
1313 1690 1551 1745 pleniorem
1591 1691 1808 1734 exstitisse

277 1763 468 1807 codicem
501 1763 690 1805 eiusdem
722 1762 927 1816 familiae,
959 1775 1042 1816 quo
1075 1761 1287 1815 pertineat
1311 1761 1340 1804 J
1369 1786 1418 1792 —-
1447 1776 1548 1804 nam
1579 1762 1625 1804 in
1655 1762 1808 1804 ceteris

278 1836 570 1890 maximopere
602 1834 876 1876 Burneianus
909 1847 1004 1874 cum
1029 1832 1058 1874 J
1089 1832 1305 1874 consentit
1336 1844 1410 1888 -ις
1443 1832 1511 1874 sin
1542 1823 1714 1876 aliunde
1743 1833 1807 1875 in—

280 1910 426 1949 vectos
458 1905 620 1961 credas,
658 1904 885 1947 miraberis
918 1903 1078 1945 multas
1121 1903 1229 1945 alias
1270 1903 1447 1945 lacunas
1488 1903 1662 1946 relictas
1703 1918 1808 1947 esse.

278 1978 410 2020 Posse
451 1977 605 2019 saltem
646 1975 752 2018 illud
789 1989 878 2017 non
914 1988 1091 2029 prorsus
1129 1963 1479 2029 improbabiliter
1509 1974 1644 2023 statui
1675 1989 1727 2016 ex
1757 1989 1807 2018 eo

280 2051 477 2104 apparet,
514 2047 628 2104 quod
659 2061 705 2088 re
743 2061 844 2088 vera
875 2045 1044 2087 exstitit
1087 2045 1221 2087 codex
1262 2045 1492 2100 persimilis
1542 2048 1585 2087 et
1631 2045 1808 2101 paullo

280 2121 477 2162 maiore
516 2134 664 2175 quam
695 2119 724 2161 J
762 2119 1027 2159 vetustate
1064 2116 1307 2172 insignis,
1343 2116 1464 2158 cuius
1494 2118 1666 2171 praeter
1695 2116 1809 2172 frag-

279 2193 472 2233 mentum
497 2190 605 2232 nihil
632 2191 849 2232 servatum
882 2202 974 2230 esse
1007 2187 1212 2230 dolemus.
1258 2187 1417 2230 Exstat
1447 2187 1491 2230 id
1515 2187 1808 2244 fragmentum

375 2332 438 2375 29)
478 2329 567 2373 Quis
602 2329 668 2364 ille
706 2329 819 2364 fuerit
855 2329 988 2363 Petrus
1024 2327 1244 2373 Podalyrius
1274 2326 1444 2363 Anticius
1482 2330 1709 2372 quamquam
1745 2327 1810 2363 diu

281 2390 468 2435 quaesivi,
493 2391 621 2424 tamen
646 2400 719 2423 non
746 2387 904 2433 contigit
929 2398 1064 2422 eruere.
1115 2386 1213 2421 Nam
1239 2387 1339 2431 quod
1363 2385 1449 2422 libri
1477 2386 1807 2432 ‘bibliographici’

283 2469 328 2475 ——
355 2449 470 2484 liceat
493 2449 563 2483 hoc
588 2447 770 2482 vocabulo
796 2446 853 2482 uti
873 2467 915 2471 -
936 2444 1163 2480 Podalirium
1190 2445 1375 2490 quendam
1396 2445 1621 2481 Germanum
1640 2444 1809 2489 afferunt,

280 2509 319 2543 id
344 2519 478 2543 nomen
503 2508 630 2542 fictum
657 2518 735 2541 esse
761 2507 918 2541 constat.
951 2504 1005 2540 Cf.
1032 2504 1236 2539 Hummelii
1263 2505 1382 2540 ‘Neue
1403 2504 1619 2541 Bibliothek
1641 2515 1716 2540 von
1740 2504 1810 2540 sel-

281 2569 393 2603 tenen
418 2567 494 2602 und
520 2567 604 2602 sehr
629 2566 795 2601 seltenen
820 2564 1005 2599 Biichern’
1034 2565 1136 2599 ethl
1162 2576 1196 2609 p.
1211 2568 1269 2599 17:
1298 2564 1477 2600 ‘Podaliri
1501 2563 1686 2600 Germani.
1723 2573 1808 2599 cum

282 2626 423 2662 Catone
454 2624 651 2661 Certomio.
701 2625 746 2660 de
779 2624 900 2659 furore
931 2623 1143 2669 germanico
1175 2624 1303 2659 diebus
1335 2623 1543 2669 genialibus
1575 2621 1809 2668 carnisprivii

282 2685 453 2730 dialogus
478 2684 601 2720 editus
625 2695 692 2730 per
711 2682 983 2718 Theodoricum
997 2683 1291 2718 Gresemundum
1316 2681 1512 2718 iuniorem’
1540 2692 1626 2726 esq.
1646 2693 1672 2717 s.
1705 2681 1808 2716 Idem

282 2755 417 2779 nomen
444 2743 644 2787 (Podalirio
670 2742 805 2786 Febeo)
831 2741 947 2777 tradit
971 2740 1012 2775 E.
1027 2741 1211 2776 Wellerus
1236 2741 1314 2776 Iud.
1341 2740 1517 2786 pseudon.
1543 2751 1579 2786 p.
1596 2743 1663 2775 118
1687 2739 1809 2775 virum

284 2803 435 2838 doctum
461 2803 596 2837 Italum
621 2801 777 2848 gessisse
804 2800 995 2845 (Morando
1021 2799 1215 2844 Morandi).
