1904 3106
610 730 1119 775 DISPVTATIONIS
1157 731 1563 776 SVMMARIVM

414 849 473 884 De
500 849 788 885 Ambrosiani
813 849 1221 894 Palatinorumque
1246 849 1463 885 memoria
1486 861 1522 896 p.
1544 853 1670 885 1—14.
1708 849 1845 885 Eorum

316 909 355 943 in
383 908 611 944 Truculento
649 909 921 955 discrepantias
947 921 991 945 ex
1015 908 1347 955 grammaticorum
1377 909 1678 954 librariorumve,
1704 920 1778 944 non
1802 920 1848 944 ex

318 968 541 1003 histn'onum
567 967 838 1004 mutationibus
863 968 1084 1014 repetendas
1105 980 1186 1004 esse
1210 969 1266 1004 ita
1284 968 1574 1012 demonstratur,
1598 970 1642 1004 ut
1666 969 1776 1004 simul
1802 969 1848 1004 de

318 1027 561 1063 emendandis
587 1039 672 1063 eum
698 1027 783 1063 aliis
810 1027 900 1063 locis
924 1029 1005 1063 tum
1038 1029 1088 1074 ΙΙ,
1108 1032 1142 1074 2,
1163 1032 1224 1071 17ς
1252 1028 1283 1073 Ι,
1304 1032 1337 1072 2,
1357 1032 1420 1072 293
1447 1028 1497 1073 11,
1517 1031 1551 1072 2,
1571 1032 1635 1073 633
1659 1028 1712 1073 ΙΙ,
1731 1032 1766 1073 4,
1785 1032 1848 1071 33;

318 1086 351 1130 I,
379 1091 411 1131 2,
439 1090 483 1122 78
503 1098 583 1131 sqq.
611 1088 756 1132 agatur.
808 1086 868 1121 De
895 1098 1058 1132 graeco
1084 1087 1239 1122 Plauti
1265 1077 1473 1132 exemplo
1498 1099 1537 1132 p.
1564 1091 1714 1123 15—37.
1764 1087 1849 1123 Non

317 1145 516 1190 Thaidem,
555 1145 619 1180 sed
646 1144 861 1190 Sicyonium
889 1145 1082 1182 Menandri
1115 1146 1326 1182 adhibitam
1358 1157 1437 1182 esse
1463 1145 1664 1192 colligitur.
1714 1145 1768 1180 Ex
1794 1145 1849 1181 iu-

317 1204 427 1239 eertis
452 1204 648 1240 Menandri
680 1204 900 1250 fragmentis
931 1217 1116 1250 numquae
1143 1205 1317 1250 Sicyonio
1349 1204 1531 1240 vindicari
1561 1204 1707 1250 possint
1736 1214 1849 1249 quae-

316 1264 420 1299 ritur.
465 1264 519 1299 De
541 1263 706 1310 Sicyonii
731 1263 900 1309 vestigiis
925 1264 1024 1310 apud
1045 1264 1310 1309 Alciphronem
1336 1264 1617 1309 Lucianumque
1642 1263 1847 1309 deprehen-

316 1322 458 1365 dendis.
509 1322 569 1358 De
596 1322 865 1358 Truculenti
891 1323 1083 1368 prologo
1109 1335 1145 1368 p.
1172 1327 1324 1359 38—45.
1374 1323 1640 1369 Adiunguntur
1663 1322 1846 1368 quaedam

316 1381 361 1416 (le
399 1381 491 1417 locis
530 1382 718 1417 nonnullis
756 1393 822 1427 per
858 1382 1063 1426 παρήχηειν
1102 1381 1323 1428 insignibus.
1380 1383 1440 1418 De
1477 1382 1623 1428 prima
1658 1381 1847 1417 fabulae

317 1452 482 1476 scaena
525 1453 559 1486 p.
593 1444 639 1476 48
663 1461 696 1465 —
713 1445 768 1476 62.
833 1440 1008 1486 Sequitur
1051 1440 1198 1486 prologi
1235 1441 1450 1486 primaeque
1489 1451 1645 1477 scaenae
1682 1440 1848 1476 recensio

318 1500 441 1544 qualis
468 1511 511 1534 ex
565 1511 608 1535 ae
635 1500 887 1545 disputatione
913 1500 1081 1536 efficitur.

735 1786 948 1828 INDEX
993 1784 1419 1828 SCRIPTORVM

314 1892 488 1927 Afranius
1079 1892 1081 1939 j
1099 1890 1302 1926 Menander

363 1951 477 1986 Thais
707 1981 711 1987 .
776 1963 811 1995 p.
840 1955 882 1986 17
909 1962 940 1986 a.
957 1955 1012 1986 36.
1079 1975 1082 1992 ,
1147 1949 1261 1985 Thais
1562 1962 1599 1995 p.
1626 1953 1671 1985 16
1683 1961 1762 1994 sqq.

313 2010 519 2056 Alciphron
1079 1996 1082 2034 ¹³
1147 2007 1341 2054 Sicyonius
1562 2021 1597 2054 p.
1615 2013 1670 2044 <18
1681 2011 1775 2044 —3‘1

361 2070 479 2114 Epist.
507 2070 540 2114 I,
565 2073 610 2104 35
625 2082 677 2114 sq.
776 2082 810 2115 p.
834 2075 895 2113 11;
922 2074 964 2104 31
981 2063 1082 2122 sqq.}
1146 2068 1293 2114 Fragm.
1319 2068 1389 2104 inc.
1415 2068 1467 2104 IX
1562 2080 1598 2114 p.
1625 2071 1670 2103 56

486 2129 536 2172 ΙΙ,
562 2133 596 2172 4,
623 2133 666 2163 19
775 2141 812 2174 p.
840 2134 879 2163 21
910 2140 943 2164 a.
956 2133 1000 2163 43
1079 2129 1082 2163 ῑ
1343 2126 1512 2162 LXXXII
1560 2138 1597 2172 p.
1624 2129 1669 2162 28

470 2188 538 2231 III,
565 2192 610 2222 50
778 2200 813 2233 p.
841 2192 903 2231 343
930 2192 974 2223 36
989 2199 1042 2232 sq.
1079 2168 1082 2235 ξ
1328 2185 1514 2221 CXXXIII
1561 2197 1598 2231 p.
1623 2189 1669 2221 2⁷

314 2246 439 2283 Alexis
1079 2264 1082 2305 ὲ
1265 2244 1516 2281 CLXXXVIII
1563 2256 1599 2290 p.
1625 2247 1670 2279 29

361 2305 553 2351 Sicyonius
777 2317 811 2349 p.
840 2309 884 2340 25
899 2317 951 2350 sq.
1078 2309 1081 2355 j
1373 2302 1514 2339 CCXLI
1562 2315 1598 2348 p.
1625 2306 1669 2338 27

315 2364 586 2410 Harpocration
1078 2366 1081 2395 ἳ
1356 2360 1513 2397 CCXCII
1562 2373 1599 2407 p.
1625 2365 1670 2397 29

361 2436 395 2459 v.
423 2423 630 2458 ἀναίνεεθαι
781 2435 816 2468 p.
843 2428 888 2458 24
1078 2421 1279 2463 {Pacuvius

313 2482 497 2518 Lucianus
1078 2507 1080 2532 ξ
1145 2493 1178 2516 v.
1205 2484 1274 2515 320
1300 2480 1343 2514 R.
1558 2491 1594 2524 p.
1621 2481 1667 2514 46

362 2541 479 2586 Epist.
507 2540 582 2576 Sat.
609 2539 676 2574 XX
780 2553 814 2585 p.
842 2545 886 2576 35
913 2552 944 2575 a.
967 2544 1012 2576 68
1079 2539 1253 2574 'Photius

362 2601 496 2636 Toxar.
522 2598 736 2634 XIII—XV
781 2612 814 2644 p.
843 2604 887 2634 35
902 2611 955 2644 sq.
1145 2610 1178 2632 v.
1206 2597 1452 2641 Ετρατοφάνη
1560 2607 1597 2641 p.
1626 2599 1668 2630 19
1683 2606 1736 2640 sq.

311 2659 495 2695 Macarius
1078 2656 1230 2702 ffPollux

359 2719 446 2762 VII,
473 2722 516 2754 62
531 2730 583 2763 sq.
777 2730 811 2763 p.
839 2721 881 2752 21
898 2729 950 2762 sq.
1076 2732 1080 2772 3*
1144 2715 1206 2760 IV,
1234 2719 1300 2751 119
1522 2746 1533 2757 ,
1562 2725 1597 2759 p.
1624 2716 1670 2748 25

314 2777 515 2813 Menander
1095 2773 1278 2809 Publilius
1304 2773 1418 2818 Syrus

362 2837 554 2883 Epiclerus
781 2847 815 2879 p.
843 2838 888 2868 30
913 2844 946 2868 a.
966 2837 1010 2868 59
1142 2844 1175 2869 v.
1202 2837 1268 2866 351
1297 2832 1338 2867 R.
1561 2842 1598 2876 p.
1625 2833 1671 2865 24
1698 2841 1730 2867 a.
1751 2833 1797 2864 49
