1904 3106
871 90 1161 132 „34—

310 195 421 244 Quia
460 196 522 237 nil
561 195 701 237 habeo
740 195 828 238 vl'm
866 196 953 237 iam
993 196 1137 239 amovi
1174 195 1292 238 hinc:
1337 195 1484 237 6mnia
1520 209 1648 251 agam
1685 209 1779 249 pre-

1106 267 1235 309 cario.
1835 259 1840 263 ’

252 360 303 402 In
335 361 534 415 proxima
560 364 704 403 autem
732 376 886 404 scaena
911 377 1008 404 cum
1028 362 1288 420 Diniarchus
1315 361 1448 403 dicat:
1479 360 1581 404 Sine
1604 361 1782 415 experiovi

249 431 410 489 (v.40)‚
441 432 703 487 Astaphium
730 435 939 487 tanquam
966 433 1003 474 si
1029 432 1266 475 audivisset
1290 433 1397 475 haec
1422 434 1554 475 verba
1579 433 1782 487 replicat:

248 502 384 545 Immo
415 504 619 557 opperire:
650 505 723 545 vis
754 507 822 545 est
852 504 1074 557 experirier
1092 501 1157 559 67).

369 572 452 616 Sed
496 577 667 629 praeter
710 574 789 616 has
832 573 1112 628 Alciphronis
1160 574 1369 629 epistulas
1414 575 1544 617 etiam
1582 574 1683 617 libri
1715 573 1781 616 III

251 646 374 700 epist.
395 646 453 687 50
485 646 540 687 ad
573 644 824 700 Sicyonium
856 645 1068 699 respicere
1100 645 1288 686 videtur:
1320 645 1398 687 οὐκ
1429 641 1635 698 ἀνέχομᾶι
1666 645 1784 697 ὁρῶν

249 716 495 767 Ζευξίππην
539 717 616 768 τὴν
660 716 934 768 ἱππόπορνον
983 715 1159 767 ἀπηνῶς
1202 719 1262 770 τῷ
1307 709 1781 772 μειρακίῳ χρωμένην.

249 787 301 828 οὐ
334 787 416 837 γὰρ
451 789 692 828 δαπανᾶται
726 787 784 829 εἰ(
818 787 951 838 αὐτὴν
984 786 1155 839 χρυείον
1187 786 1322 838 μόνον
1349 788 1416 829 καὶ
1441 787 1656 840 ἀργύριον,
1689 785 1784 829 ἀλλ’

250 859 331 910 ἤδη
364 858 432 900 καὶ
465 859 674 900 ευνοικίαε
707 859 773 900 καὶ
807 858 975 910 ἀγρούς.
1026 860 1052 910 ἡ
1079 859 1126 900 δὲ
1152 854 1222 900 ’ἐπὶ
1254 859 1390 901 πλέον
1421 858 1673 911 ἑκτύφεεθαι
1703 859 1781 901 τὸν

252 929 392 981 ἔρωτα
424 930 564 984 τούτῳ
597 931 880 981 μηχανωμένη
913 932 990 971 τοῦ
1022 930 1216 981 Εὐβοέως
1248 930 1350 980 ἐρᾶν
1382 932 1674 981 προεποιεῑται
1705 933 1782 971 τοῦ

255 1001 492 1051 νεανίεκου,
540 1001 612 1042 ἵνα
650 1002 717 1042 καὶ
749 1001 905 1042 τούτου
940 1002 1182 1053 (παθήεαεα
1215 1000 1352 1042 οὕτω(
1383 999 1451 1042 ἐπ’
1481 999 1616 1042 ἄλλον
1646 1001 1783 1055 τρέψῃ

250 1072 327 1113 τὸν
367 1071 517 1123 ἔρωτα.
582 1072 668 1122 ἐγὼ
712 1072 758 1113 δὲ.
798 1071 1015 1123 ὀδυνῶμαι
1046 1073 1126 1124 τὴν
1157 1071 1334 1123 καρδίαν
1366 1070 1482 1123 ὁρῶν
1512 1071 1784 1123 ὑπορρέοντα

251 1146 459 1185 τοεοῦτον
500 1146 704 1195 πλοῦτον,
750 1143 801 1185 ὃν
847 1143 887 1184 οἱ
925 1146 1147 1195 μακαρῑται
1186 1143 1302 1198 αὐτῷ
1343 1142 1494 1186 Λυείαε
1539 1142 1606 1184 καὶ
1644 1143 1784 1185 Φανο-

255 1214 408 1266 ετράτη
459 1216 700 1257 κατέλιπον.
775 1214 802 1255 ἃ
851 1214 933 1266 γὰρ
987 1215 1142 1256 ἐκεῖνοι
1192 1213 1282 1256 κατ’
1322 1214 1482 1267 ὀβολὸν
1532 1214 1785 1267 ευνήγαγον,

254 1285 423 1337 ἀθρόως
455 1284 610 1346 ἀναλοῖ
647 1285 697 1326 τὸ
730 1285 993 1328 πολύκοινον
1024 1288 1153 1327 τοῦτο
1186 1286 1253 1327 καὶ
1285 1284 1565 1338 αἰεχρότατον
1596 1284 1784 1335 γύναιον.

251 1356 347 1398 Hoc
379 1356 475 1398 loco
509 1371 606 1398 cum
639 1356 833 1399 condicio
866 1356 1068 1398 universa
1094 1357 1148 1398 ad
1174 1356 1458 1399 Phronesium
1484 1355 1785 1398 Diniarchum·

253 1443 334 1483 que
378 1427 562 1483 quadrat
599 1452 654 1456 —
694 1427 811 1482 quod
854 1442 1008 1482 parum
1053 1429 1119 1469 est
1158 1452 1216 1458 —-
1260 1430 1353 1469 tum
1397 1441 1506 1482 quae
1551 1426 1604 1468 ad
1647 1425 1785 1468 nimia

253 1499 494 1541 amantium
531 1499 646 1541 dona
687 1497 967 1540 describenda
1007 1498 1236 1540 adhibetur
1273 1498 1434 1540 locutio
1473 1497 1682 1540 (υνοικίαε
1719 1497 1787 1539 καὶ

256 1570 414 1622 ἀγρούς
445 1585 534 1612 non
559 1572 704 1624 potest
727 1584 817 1611 non
842 1569 887 1611 in
912 1569 1165 1611 memoriam
1190 1583 1390 1611 revocare
1414 1572 1513 1611 sunt
1533 1568 1638 1610 mihi
1662 1569 1787 1610 etiam

251 1642 375 1694 fundi
406 1645 443 1683 et
472 1641 606 1689 aedis‚·
639 1641 839 1694 siquidem
869 1641 990 1682 habes
1018 1640 1198 1693 fundum
1228 1643 1348 1693 atque
1372 1641 1505 1690 aedis‚·
1536 1653 1632 1693 euge
1658 1639 1786 1692 fundi

254 1716 292 1754 et
321 1713 450 1766 aedis,
499 1725 574 1764 per
605 1714 761 1764 tempus
790 1710 1030 1752 subvenistis
1038 1724 1051 1760 ,·
1098 1724 1197 1752 nam
1225 1711 1351 1763 fundi
1380 1714 1419 1752 et
1445 1711 1560 1752 aedis
1589 1710 1790 1764 oblzyatae

254 1787 352 1826 sunt
382 1783 429 1825 ob
460 1782 616 1824 amoris
639 1783 862 1836 praedium
894 1781 954 1837 (I,
987 1782 1032 1836 2,
1066 1782 1133 1824 72.
1167 1781 1234 1823 75.
1266 1781 1334 1823 84.
1377 1780 1439 1836 II,
1474 1781 1510 1836 1,
1541 1779 1601 1839 4).
1663 1779 1786 1830 Quod

471 1900 626 1934 Omnem
652 1910 729 1934 rem
757 1899 930 1942 noscunt,
955 1897 1124 1943 geminos
1150 1898 1354 1933 Alcumena
1379 1896 1544 1932 enititur.

256 1972 501 2015 Nequaquam
539 1969 630 2004 licet
664 1980 747 2003 cum
787 1968 995 2013 Spengeliis
1033 1968 1180 2013 (Philol.
1214 1971 1240 2003 t.
1269 1968 1372 2004 XVII
1404 1968 1454 2014 [a.
1490 1967 1596 2014 1858]
1631 1979 1666 2013 p.
1699 1971 1786 2011 5623

257 2029 558 2074 T.M.Pl.p.239)
577 2028 736 2072 yeminos
750 2027 917 2071 eiciatur,
938 2027 986 2062 ad
1000 2038 1156 2071 quorum
1174 2027 1563 2062 commemorationem
1577 2025 1789 2072 argumenti

258 2100 403 2124 summa
426 2087 571 2130 tendam
601 2088 664 2122 sed
686 2088 715 2122 si
733 2088 893 2132 yeminos
912 2098 1006 2122 cum
1025 2088 1092 2121 illa
1112 2086 1370 2121 substituimus
1388 2087 1561 2131 (yeminos
1579 2086 1647 2121 illa
1665 2084 1788 2129 Both„

258 2183 428 2219 Fleckeis
443 2184 466 2228 ),
492 2182 602 2217 facile
629 2183 788 2227 apparet
813 2182 1029 2227 suppletum
1055 2193 1133 2217 esse
1161 2154 1399 2226 (Aneumifla.

356 2268 415 2311 67)
443 2265 515 2301 Sed
541 2265 655 2300 etiam
681 2278 715 2301 v.
742 2265 804 2309 IV,
834 2269 864 2307 1,
892 2268 933 2298 11
962 2263 1105 2308 aliquid
1131 2263 1350 2298 mutandum
1376 2263 1449 2298 est:

308 2348 341 2372 ιο
401 2336 509 2370 Nunc
536 2335 768 2380 speculabor,
795 2334 884 2379 quid
909 2333 963 2368 ibi
988 2335 1132 2378 agatur,
1159 2334 1240 2377 quis
1265 2341 1327 2368 eat
1352 2333 1462 2377 intro,
1488 2333 1551 2376 qui
1575 2332 1674 2367 foras

402 2394 555 2430 Veniat:
582 2393 710 2438 procul
735 2392 824 2427 hinc
851 2392 1066 2437 observabo,
1092 2393 1184 2427 meis
1211 2391 1300 2436 quid
1323 2391 1482 2432 fortunis
1507 2390 1599 2427 fuat.

260 2469 344 2504 Non
376 2467 550 2502 observat
581 2464 679 2500 enim
704 2463 926 2498 Diniarchus
957 2462 1047 2507 quid
1079 2462 1236 2497 fortunis
1262 2461 1336 2497 suis
1362 2462 1444 2506 fiat,
1483 2473 1566 2497 cum
1592 2461 1687 2496 nihil
1711 2461 1788 2497 iam

259 2528 416 2571 habeat,
453 2525 517 2560 sed
549 2537 638 2559 num
670 2524 765 2558 forte
798 2523 948 2558 fortuna
975 2522 1162 2566 quaedam
1194 2532 1444 2566 prosperaque
1478 2521 1550 2557 sibi
1584 2531 1622 2556 se
1656 2519 1790 2556 offerat

261 2586 416 2622 occasio.
456 2584 577 2626 Quare
602 2595 685 2618 cum
710 2582 797 2616 libri
821 2581 1028 2626 praebeant
1052 2581 1176 2615 miles
1200 2580 1290 2624 quid
1313 2580 1477 2623 fortunis
1500 2580 1586 2623 fuat
1609 2590 1787 2624 reponen-

261 2645 349 2679 dum
381 2643 452 2679 erit
480 2644 538 2678 ‘mi
567 2643 644 2678 illi
668 2643 709 2676 si
732 2641 821 2686 quid
845 2640 1031 2684 fortunae
1053 2640 1139 2682 fuat
1163 2650 1207 2673 ac
1232 2638 1365 2673 deinde
1391 2639 1434 2673 ut
1461 2649 1586 2673 versus
1610 2636 1790 2689 cousistat

262 2715 336 2739 non
368 2703 446 2737 sine
478 2701 700 2738 elocutionis
734 2699 985 2736 emolumento
1016 2699 1138 2733 veniat
1168 2697 1366 2733 delendum
1394 2696 1526 2731 misere
1551 2696 1599 2731 ad
1625 2696 1707 2741 quis
1730 2698 1788 2731 eat

262 2765 373 2806 intro,
397 2763 462 2808 qui
485 2762 587 2805 foras
613 2761 845 2806 suppletum:

476 2833 609 2869 Procul
635 2833 721 2867 hinc
748 2830 952 2866 observabo
978 2828 1029 2864 mi
1054 2828 1111 2863 illi
1137 2829 1167 2862 si
1192 2827 1280 2872 quid
1307 2827 1475 2862 fortunae
1499 2826 1591 2861 fuat.
