1904 3106
930 81 1246 124 —160-

319 201 406 228 non
425 187 551 229 binos
571 202 719 229 versus
740 202 833 230 esse
852 188 992 230 voluit
1013 203 1098 244 eos,
1119 203 1301 244 quorum
1319 188 1446 230 initia
1465 189 1566 231 sunt
1585 187 1849 238 QUORUM-

321 256 644 313 NUNQUAM‚
701 257 1062 314 QUIBUSNISI,
1123 258 1462 311 NEQUEEGO,
1519 258 1851 316 QUOSQUUM‚

320 327 602 380 QUIHAEO‚
641 328 1201 372 EORUMOFFICIUMST
1239 330 1473 385 eodemque
1511 344 1687 384 prorsus
1721 330 1849 373 modo

320 399 471 454 scripti
497 404 598 443 sunt
620 401 703 442 142
725 416 786 456 sq.
817 401 899 443 152
920 417 981 457 sq.
1011 402 1106 444 157.
1135 402 1230 445 161.
1264 399 1572 457 165—169¹⁷).
1607 390 1850 445 17Q—186.

323 472 418 513 190.
479 471 653 527 Reliqui
690 472 885 528 singulos
923 488 1071 516 versus
1104 475 1327 528 occupant.
1387 473 1481 516 Iam
1514 473 1764 516 accedamus
1796 473 1850 515 ad

318 543 460 597 ipsam
492 559 529 585 v.
566 544 648 586 138
683 558 773 599 sqq.
804 544 850 586 in
882 545 921 586 A
953 545 1225 600 scripturam,
1257 559 1365 599 quae
1397 543 1504 586 haec
1536 546 1619 586 est:

248 624 1904 684 ΩΙΠΚΑΕΟΚΑΒΕΝΤΟΟΝΞΙΙᾹΑΠΒΙΙ)ΑΤΑΟΟΟᾼΞῙΟὸΤΗᾼΡΕΤΕΝ]

806 700 1569 789 ΚΑΒΡΑΘᾼΒΙΒὲΕΞΕΠαΕΚοΟ

246 803 1872 863 EORUMOFFIcIUMsTMAUEHSLUPosApunoumsQuAMKos

803 876 1554 935 DOMJLINQUERncusTonns

247 1030 252 1031 ⁷
318 970 482 1014 Nostro
509 987 606 1014 eum
633 973 884 1028 apographo
904 973 1249 1016 Ritschelianum
1276 974 1406 1016 velim
1427 974 1632 1017 conferas.
1676 972 1849 1016 Gravis-

319 1043 418 1085 simi
457 1046 601 1086 autem
633 1046 843 1087 momenti
875 1047 942 1087 est
972 1060 1012 1100 p.
1042 1045 1142 1100 137,
1171 1046 1224 1087 16
1257 1045 1513 1101 scripturam
1545 1045 1863 1093 enucleavisse.

317 1113 386 1156 Ibi
419 1115 491 1170 qui
524 1116 731 1158 attentius
764 1117 1009 1159 litterarum
1039 1116 1246 1171 reliquias
1278 1116 1615 1172 contemplatur,
1650 1117 1751 1172 post
1781 1117 1850 1158 sat

317 1185 447 1228 breve
470 1187 658 1229 studium
677 1187 910 1242 perspiciet
928 1202 1066 1242 neque
1085 1186 1316 1229 Ritschelii
1333 1186 1760 1230 EORUMSTOPUS
1778 1202 1850 1230 ne·

319 1271 400 1311 que
428 1256 635 1313 Gepperti
662 1259 688 1300 l.
709 1274 741 1301 s,
762 1275 793 1301 s.
819 1256 1174 1301 EORUMOPUS
1199 1258 1290 1300 ullo
1317 1257 1446 1300 modo
1472 1258 1560 1313 legi
1584 1272 1725 1314 posse,
1753 1272 1849 1300 cum

316 1331 418 1382 post
442 1328 650 1372 EORUM
675 1330 954 1385 planissimae
987 1330 1076 1371 sint
1101 1328 1172 1371 OF
1198 1329 1389 1371 litterae:
1423 1331 1552 1384 atque
1583 1329 1634 1371 de
1665 1329 1848 1372 lectione

317 1398 595 1442 OFFICIUM
610 1401 743 1442 semel
758 1402 931 1455 reperta
945 1400 1135 1442 dubitari
1148 1400 1310 1456 nequit.
1329 1400 1450 1442 Inter
1459 1397 1690 1443 OFFICIU
1704 1402 1848 1443 autem

317 1473 360 1512 et
391 1470 651 1514 MAUELIS
684 1471 822 1527 (cuius
855 1470 895 1513 A
914 1471 948 1514 L
971 1470 999 1513 S
1031 1474 1202 1515 tantum
1227 1472 1402 1514 litterae
1427 1486 1478 1514 ex
1502 1473 1626 1526 parte
1653 1473 1848 1514 servatae

318 1540 436 1597 sunt)
468 1541 596 1598 ΜΞΤ,
628 1543 766 1585 multo
799 1543 942 1584 minus
976 1545 1076 1597 apte
1107 1542 1233 1598 MUT
1267 1542 1455 1598 spatium
1486 1542 1684 1597 complet.

434 1614 554 1656 Haec
591 1614 719 1656 huius
757 1615 842 1656 loci
879 1615 925 1656 in
961 1613 1253 1656 Ambrosiano
1291 1613 1531 1669 discriptio:
1581 1613 1635 1656 ad
1671 1627 1848 1668 prorsus

316 1687 459 1727 autem
505 1685 683 1728 eandem
722 1686 1022 1728 Palatinorum
1061 1685 1354 1727 recensionem
1391 1683 1529 1726 redire
1566 1686 1731 1727 cert-um
1771 1686 1848 1727 est.

314 1756 365 1798 In
397 1756 433 1798 B
466 1757 581 1799 enim
614 1772 710 1800 cum
743 1758 952 1812 scriptum
986 1757 1062 1799 sit:

375 1839 457 1889 Qui
494 1840 601 1882 haec
638 1826 802 1882 liabent
842 1840 1025 1882 consilia
1056 1839 1131 1882 ubi
1163 1838 1265 1880 data
1297 1838 1464 1881 occasio
1497 1844 1564 1881 est
1594 1829 1697 1894 r'ape
1727 1839 1848 1894 clepe

374 1914 472 1953 tene
504 1911 789 1966 harpagabile
822 1914 889 1953 est
920 1911 1015 1966 fugi
1045 1910 1127 1952 hoc
1160 1912 1225 1952 est

314 1994 650 2037 maiuscularum
712 1994 955 2036 litterarum
1019 1993 1187 2035 ratione
1243 1991 1396 2035 habita
1449 1992 1576 2035 facile
1630 1993 1847 2049 intellegis

315 2065 482 2108 duobus
521 2066 626 2108 olim
664 2067 775 2109 sicut
813 2066 858 2108 in
894 2065 1188 2108 Ambrosiano
1229 2065 1425 2108 versibus
1465 2063 1572 2106 haec
1601 2065 1734 2107 verba
1763 2065 1847 2107 dis-

314 2138 481 2180 tributa
523 2138 670 2180 fuisse.
738 2137 780 2180 N
784 2152 839 2179 on
882 2139 1027 2192 potest
1071 2138 1215 2179 autem
1259 2136 1436 2191 probari
1478 2135 1580 2177 talis
1624 2136 1847 2192 discriptio

315 2225 411 2251 cum
439 2209 546 2251 alias
586 2210 641 2251 ob
681 2222 830 2251 causas
868 2210 962 2250 tum
998 2210 1247 2263 propterea,
1285 2207 1398 2261 quod
1427 2206 1500 2249 hoc
1528 2206 1682 2248 vocula
1710 2204 1847 2261 priori

315 2281 457 2324 versui
491 2281 765 2336 agglutinata
806 2283 849 2321 et
882 2280 935 2321 ab
969 2279 1108 2321 altero
1141 2279 1358 2333 discerpta
1389 2279 1465 2320 est.
1525 2277 1678 2333 Itaque
1707 2278 1848 2319 restat

314 2357 362 2395 ut
411 2354 570 2395 nostris
616 2353 699 2407 ipsi
743 2353 908 2395 viribus
952 2351 1053 2392 freti
1096 2349 1343 2391 Plautinam
1392 2349 1578 2392 formam
1617 2348 1846 2391 restituere

315 2440 529 2467 conemur.
591 2423 735 2478 Atque
773 2422 887 2478 quod
927 2421 980 2464 ad
1017 2421 1150 2463 verba
1188 2417 1294 2476 (non
1338 2419 1391 2462 ad
1429 2419 1634 2476 metrum)
1677 2418 1847 2473 attinet,

314 2499 508 2551 praestat
564 2495 657 2537 sine
706 2495 796 2536 ullo
847 2492 977 2535 dubio
1027 2491 1327 2534 Palatinorum
1378 2491 1571 2534 recensio
1624 2491 1729 2545 clepo
1776 2503 1845 2532 ex-

312 2567 486 2621 hibens,
531 2579 659 2620 quam
703 2579 852 2607 vocem
891 2562 1151 2618 exquisitam
1195 2561 1248 2603 ab
1292 2561 1387 2616 ipso
1431 2564 1562 2617 poeta
1608 2560 1846 2616 profectam
1900 2566 1904 2569 ’

313 2628 406 2680 esse
444 2639 585 2691 patet:
627 2650 722 2677 eam
755 2634 1070 2677 Ambrosianus
1110 2632 1295 2687 omittit,
1326 2631 1494 2675 Nonius
1527 2646 1694 2688 quoque
1725 2629 1844 2685 legit.
1895 2652 1904 2658 ’ν

410 2779 467 2822 17)
494 2776 614 2812 Versu
648 2779 715 2811 170
747 2774 969 2811 terminatur
999 2786 1036 2819 p.
1063 2777 1152 2817 351,
1181 2771 1315 2818 incipit
1345 2783 1368 2808 a
1400 2784 1434 2808 v.
1462 2775 1527 2808 171
1555 2783 1591 2817 p.
1618 2774 1706 2806 352:
1744 2768 1844 2815 quod
1900 2772 1904 2774 “

311 2837 406 2873 adde
432 2835 708 2871 Bitschelianae
734 2832 961 2880 praefationi
987 2845 1022 2878 p.
1048 2832 1093 2867 V.
