1904 3106
756 137 1074 180 -189—

151 243 258 288 Fab.
275 259 403 288 vera:
432 233 776 288 *Studemundusz
1188 240 1386 286 Codices:

151 327 209 383 11,
238 328 279 384 2,
303 329 361 371 34
395 327 511 370 fores
857 327 976 369 foras
1001 325 1047 368 D

304 399 360 442 37
397 399 514 441 itane
860 398 988 452 itane,
1018 399 1038 438 t
1067 410 1088 439 e
1116 410 1230 451 corr„
1260 395 1306 438 D

302 469 362 511 42
397 468 526 511 herus
857 467 990 511 heriis
1021 467 1066 510 Β

301 540 360 582 43
395 541 549 594 pextut
858 541 1013 595 pextut
1041 538 1087 580 Β

301 610 359 652 46
396 610 512 652 utins
859 610 1006 664 ut¹uis,
1054 609 1125 651 ubi
1170 623 1185 649 1
1218 628 1273 642 =
1305 608 1321 649 i
1370 621 1454 650 esse
1499 609 1669 663 videtur,

914 678 1048 736 Dau)

299 752 356 793 47
393 759 519 794 firum
856 753 951 794 ur‘sn
981 751 1027 794 B

300 821 358 863 49
396 822 536 864 minor
858 823 1014 878 minor,
1046 821 1063 863 i
1091 822 1153 863 ita
1179 821 1380 876 formata,
1403 825 1451 864 ut
1472 825 1673 876 afflareat

912 893 1132 936 librarium
1162 907 1185 934 e
1215 892 1276 934 vel
1306 907 1332 934 o
1362 893 1424 934 vel
1448 907 1470 934 c
1493 893 1669 947 smptu-

909 978 1004 1006 mm
1030 964 1170 1016 fuisse,
1201 962 1274 1005 Da

299 1035 357 1077 52
394 1034 619 1090 quisquam
855 1036 1094 1090 quisquam,
1117 1035 1336 1089 posteriore
1361 1050 1417 1090 qu
1441 1048 1492 1098 etp
1508 1046 1573 1090 q’,
1597 1034 1671 1076 Da

299 1105 356 1148 62
393 1107 539 1160 potest
857 1108 1013 1162 potest,
1043 1107 1163 1148 tertia
1194 1106 1330 1148 littera
1359 1119 1409 1148 ecc
1439 1121 1472 1159 s,
1502 1105 1575 1147 Da

300 1176 356 1218 63
394 1177 547 1218 ceteris
855 1177 1007 1232 ceteris
1037 1176 1083 1219 D

299 1246 358 1289 64
393 1246 491 1288 uide
520 1246 606 1302 Da,
635 1247 727 1289 uidi
744 1246 814 1289 Db
855 1248 945 1290 ujdi
976 1261 1025 1290 ωε
1054 1247 1153 1289 uide
1184 1247 1254 1289 Db

297 1317 356 1360 65
392 1331 511 1360 eram
854 1333 983 1373 eram,
1013 1333 1040 1360 a
1067 1332 1089 1360 e
1118 1307 1232 1369 cim„
1259 1318 1434 1370 fm'tasse
1463 1331 1484 1359 e
1514 1331 1549 1372 e,
1580 1317 1625 1359 D

261 1387 302 1442 3,
331 1388 351 1429 1
390 1388 490 1430 iscis
515 1388 608 1443 Da,
638 1387 815 1430 DPiseis
853 1389 953 1431 iscis
1002 1388 1092 1443 Da,
1147 1391 1193 1430 in
1241 1389 1428 1443 maryine
1474 1389 1668 1430 interiore
1734 1378 1752 1394 '⁹'

437 1459 523 1508 ,Db
910 1473 1037 1513 neque
1074 1460 1118 1500 in
1147 1460 1286 1501 eadem
1318 1472 1492 1512 prorsus
1523 1458 1666 1501 ‘linea’

907 1529 984 1571 ΡΙ)
1014 1527 1153 1587 Dcffi),
1183 1530 1386 1572 initialem
1414 1529 1449 1570 P
1470 1530 1666 1583 praefixit

288 1645 293 1653 ,
906 1601 995 1643 alia
1024 1614 1174 1642 manus

297 1671 353 1713 10
388 1672 474 1713 etia
850 1671 939 1714 etia}
968 1671 1014 1713 D

297 1741 351 1784 16
388 1741 512 1796 quasi
851 1743 987 1798 quasi,
1009 1743 1156 1796 prima
1186 1742 1263 1784 litt.
1293 1757 1342 1785 ex
1372 1758 1400 1784 u
1429 1743 1491 1785 vel
1521 1743 1550 1798 i,
1579 1743 1626 1785 D

297 1813 349 1854 17
388 1812 662 1867 perdiuinant
851 1828 927 1868 pre
959 1813 1160 1855 diuinam
1189 1813 1237 1874 Β

291 1882 351 1924 24
386 1883 603 1926 luculenta
849 1884 1081 1938 luculenta,
1118 1884 1278 1937 prioris
1314 1884 1330 1925 1
1360 1886 1464 1938 pede
1498 1899 1519 1927 e
1548 1899 1664 1937 corr„

903 1955 1034 1996 altera
1063 1967 1115 1996 ex
1143 1955 1171 2008 i,
1201 1953 1275 1995 Da

173 2024 203 2066 4
220 2023 351 2066 titulo
387 2023 727 2067 PRONESIVM
847 2023 1204 2067 PRONESTVM
1234 2025 1279 2066 Β

247 2146 256 2151 ·
319 2095 349 2136 4
386 2096 459 2150 qui
489 2110 542 2138 ue
850 2096 952 2151 quid
983 2110 1035 2137 ue
1066 2095 1111 2136 Β

322 2165 347 2207 7
385 2165 424 2207 D
459 2169 557 2219 post
597 2167 718 2209 salua
759 2168 806 2208 in
848 2166 888 2208 D
913 2170 1008 2208 ante
1024 2166 1308 2208 Phronesium
1330 2167 1375 2208 in
1394 2182 1523 2222 mary.
1542 2172 1661 2210 exter.

447 2250 577 2290 mary.
606 2238 699 2280 add.
728 2237 798 2279 Db
903 2238 1065 2280 addidit
1093 2237 1160 2279 Dc
1189 2238 1371 2292 idemque
1399 2240 1565 2280 eandem
1594 2239 1661 2280 lit-

901 2312 1030 2350 teram
1058 2309 1182 2362 prius
1217 2310 1263 2350 in
1292 2323 1329 2350 v.
1358 2309 1431 2361 qui
1465 2310 1662 2351 antecedit

894 2382 990 2432 post
1016 2379 1161 2421 hercle
1187 2380 1373 2421 additam
1403 2380 1546 2421 delevit

294 2448 347 2490 10
383 2448 483 2490 Hiic
845 2449 930 2491 Hie
961 2450 1005 2492 Β

293 2519 347 2560 14
385 2519 530 2562 animo
847 2521 1004 2575 animo,
1034 2536 1061 2563 a
1090 2535 1140 2563 ea:
1169 2521 1185 2562 i
1214 2521 1276 2563 vel
1304 2536 1334 2563 n
1363 2521 1424 2562 vel
1455 2536 1509 2572 m,
1540 2520 1613 2562 Da

230 2683 290 2726 34)
315 2681 560 2717 Studemundi
583 2682 776 2718 adnotatio
800 2682 1001 2728 significat:
1034 2685 1123 2720 utiis
1158 2696 1200 2721 ex
1225 2686 1327 2720 utuis
1351 2686 1490 2730 puncto
1524 2683 1654 2719 addito

68 2763 77 2766 -
137 2741 351 2776 correctum„

230 2801 292 2843 35)
322 2799 377 2835 Dc
413 2799 603 2836 dubitasse
639 2800 806 2846 videtur,
850 2802 975 2837 utrum
1013 2802 1135 2838 Piscis
1172 2814 1218 2838 an
1256 2790 1653 2847 Discis‘supplendum

136 2859 246 2894 esset.
