<?xml version="1.0" encoding="UTF-8"?>
<!DOCTYPE html PUBLIC "-//W3C//DTD XHTML 1.0 Transitional//EN"
    "http://www.w3.org/TR/xhtml1/DTD/xhtml1-transitional.dtd">
<html xmlns="http://www.w3.org/1999/xhtml" xml:lang="en" lang="en">
 <head>
  <title>
</title>
<meta http-equiv="Content-Type" content="text/html;charset=utf-8" />
  <meta name='ocr-system' content='tesseract 3.04.00' />
  <meta name='ocr-capabilities' content='ocr_page ocr_carea ocr_par ocr_line ocrx_word'/>
</head>
<body>
  <div class='ocr_page' id='page_1' title='image "analectaplautina00schuoft_0031.png"; bbox 0 0 1904 3106; ppageno 0'>
   <div class='ocr_carea' id='block_1_1' title="bbox 0 1330 28 1764">
    <p class='ocr_par' dir='ltr' id='par_1_1' title="bbox 0 1330 28 1764">
     <span class='ocr_line' id='line_1_1' title="bbox 0 1330 17 1404; baseline 0 -32"><span class='ocrx_word' id='word_1_1' title='bbox 0 1330 17 1404; x_wconf 64' lang='lat' dir='ltr'>{i</span> 
     </span>
     <span class='ocr_line' id='line_1_2' title="bbox 0 1415 28 1678; baseline 0 -189"><span class='ocrx_word' id='word_1_2' title='bbox 0 1415 28 1678; x_wconf 61' lang='grc' dir='ltr'>ἓ</span> 
     </span>
     <span class='ocr_line' id='line_1_3' title="bbox 0 1681 26 1764; baseline 0 -1"><span class='ocrx_word' id='word_1_3' title='bbox 0 1681 26 1764; x_wconf 62' lang='grc' dir='ltr'><em>Ξ</em></span> 
     </span>
    </p>
   </div>
   <div class='ocr_carea' id='block_1_2' title="bbox 0 1754 69 3106">
    <p class='ocr_par' dir='ltr' id='par_1_2' title="bbox 0 1754 69 3106">
     <span class='ocr_line' id='line_1_4' title="bbox 0 1754 69 3106; baseline 0 0"><span class='ocrx_word' id='word_1_4' title='bbox 0 1754 69 3106; x_wconf 95' lang='lat' dir='ltr'> </span> 
     </span>
    </p>
   </div>
   <div class='ocr_carea' id='block_1_3' title="bbox 733 110 1023 152">
    <p class='ocr_par' dir='ltr' id='par_1_3' title="bbox 733 110 1023 152">
     <span class='ocr_line' id='line_1_5' title="bbox 733 110 1023 152; baseline -0.003 -12"><span class='ocrx_word' id='word_1_5' title='bbox 733 110 1023 152; x_wconf 73' lang='grc'><strong>-17-</strong></span> 
     </span>
    </p>
   </div>
   <div class='ocr_carea' id='block_1_4' title="bbox 117 213 1642 1474">
    <p class='ocr_par' dir='ltr' id='par_1_4' title="bbox 117 213 1642 1474">
     <span class='ocr_line' id='line_1_6' title="bbox 329 213 1351 266; baseline -0.003 -10"><span class='ocrx_word' id='word_1_6' title='bbox 329 215 380 257; x_wconf 84' lang='lat' dir='ltr'>In</span> <span class='ocrx_word' id='word_1_7' title='bbox 413 229 554 259; x_wconf 89' lang='lat' dir='ltr'>mores</span> <span class='ocrx_word' id='word_1_8' title='bbox 585 218 628 258; x_wconf 91' lang='lat' dir='ltr'>te</span> <span class='ocrx_word' id='word_1_9' title='bbox 659 219 777 258; x_wconf 84' lang='lat' dir='ltr'>verte</span> <span class='ocrx_word' id='word_1_10' title='bbox 807 215 909 257; x_wconf 88' lang='lat' dir='ltr'>viri:</span> <span class='ocrx_word' id='word_1_11' title='bbox 941 215 976 256; x_wconf 89' lang='lat' dir='ltr'>si</span> <span class='ocrx_word' id='word_1_12' title='bbox 1009 213 1174 256; x_wconf 85' lang='lat' dir='ltr'>cantica</span> <span class='ocrx_word' id='word_1_13' title='bbox 1204 213 1351 266; x_wconf 82' lang='lat' dir='ltr'>iactat,</span> 
     </span>
     <span class='ocr_line' id='line_1_7' title="bbox 398 284 1274 339; baseline -0.005 -11"><span class='ocrx_word' id='word_1_14' title='bbox 398 286 421 328; x_wconf 96' lang='lat' dir='ltr'>I</span> <span class='ocrx_word' id='word_1_15' title='bbox 449 300 591 328; x_wconf 88' lang='lat' dir='ltr'>eomes</span> <span class='ocrx_word' id='word_1_16' title='bbox 623 287 668 327; x_wconf 91' lang='lat' dir='ltr'>et</span> <span class='ocrx_word' id='word_1_17' title='bbox 696 299 822 327; x_wconf 84' lang='lat' dir='ltr'>voces</span> <span class='ocrx_word' id='word_1_18' title='bbox 853 284 973 327; x_wconf 84' lang='lat' dir='ltr'>ebria</span> <span class='ocrx_word' id='word_1_19' title='bbox 1002 285 1132 339; x_wconf 86' lang='lat' dir='ltr'>iunge</span> <span class='ocrx_word' id='word_1_20' title='bbox 1163 286 1274 325; x_wconf 89' lang='lat' dir='ltr'>tuas.</span> 
     </span>
     <span class='ocr_line' id='line_1_8' title="bbox 329 353 1397 410; baseline -0.005 -11"><span class='ocrx_word' id='word_1_21' title='bbox 329 356 498 399; x_wconf 78' lang='lat' dir='ltr'>Ianitor</span> <span class='ocrx_word' id='word_1_22' title='bbox 528 355 582 398; x_wconf 85' lang='lat' dir='ltr'>ad</span> <span class='ocrx_word' id='word_1_23' title='bbox 613 355 765 398; x_wconf 80' lang='lat' dir='ltr'>dantes</span> <span class='ocrx_word' id='word_1_24' title='bbox 797 355 968 410; x_wconf 84' lang='lat' dir='ltr'>vigilet:</span> <span class='ocrx_word' id='word_1_25' title='bbox 999 354 1036 396; x_wconf 91' lang='lat' dir='ltr'>si</span> <span class='ocrx_word' id='word_1_26' title='bbox 1067 354 1210 409; x_wconf 89' lang='lat' dir='ltr'>pulset</span> <span class='ocrx_word' id='word_1_27' title='bbox 1241 353 1397 407; x_wconf 86' lang='lat' dir='ltr'>inanis,</span> 
     </span>
     <span class='ocr_line' id='line_1_9' title="bbox 402 415 1472 479; baseline -0.005 -10"><span class='ocrx_word' id='word_1_28' title='bbox 402 415 564 469; x_wconf 78' lang='lat' dir='ltr'>Surdus</span> <span class='ocrx_word' id='word_1_29' title='bbox 595 426 642 468; x_wconf 90' lang='lat' dir='ltr'>in</span> <span class='ocrx_word' id='word_1_30' title='bbox 673 426 903 468; x_wconf 82' lang='lat' dir='ltr'>obductam</span> <span class='ocrx_word' id='word_1_31' title='bbox 935 425 1121 468; x_wconf 76' lang='lat' dir='ltr'><strong>somniet</strong></span> <span class='ocrx_word' id='word_1_32' title='bbox 1153 438 1287 479; x_wconf 90' lang='lat' dir='ltr'>usque</span> <span class='ocrx_word' id='word_1_33' title='bbox 1319 438 1472 465; x_wconf 87' lang='lat' dir='ltr'>seram.</span> 
     </span>
     <span class='ocr_line' id='line_1_10' title="bbox 328 494 1415 551; baseline -0.005 -11"><span class='ocrx_word' id='word_1_34' title='bbox 328 497 419 541; x_wconf 90' lang='lat' dir='ltr'>Nec</span> <span class='ocrx_word' id='word_1_35' title='bbox 449 497 531 539; x_wconf 91' lang='lat' dir='ltr'>tibi</span> <span class='ocrx_word' id='word_1_36' title='bbox 561 496 787 551; x_wconf 78' lang='lat' dir='ltr'>displiceat</span> <span class='ocrx_word' id='word_1_37' title='bbox 817 496 941 538; x_wconf 91' lang='lat' dir='ltr'>miles</span> <span class='ocrx_word' id='word_1_38' title='bbox 971 510 1059 538; x_wconf 90' lang='lat' dir='ltr'>non</span> <span class='ocrx_word' id='word_1_39' title='bbox 1091 495 1232 537; x_wconf 85' lang='lat' dir='ltr'>factus</span> <span class='ocrx_word' id='word_1_40' title='bbox 1265 494 1415 548; x_wconf 88' lang='lat' dir='ltr'>amori,</span> 
     </span>
     <span class='ocr_line' id='line_1_11' title="bbox 399 567 1355 616; baseline -0.004 -6"><span class='ocrx_word' id='word_1_41' title='bbox 399 567 545 610; x_wconf 83' lang='lat' dir='ltr'>Nauta</span> <span class='ocrx_word' id='word_1_42' title='bbox 574 582 654 609; x_wconf 86' lang='lat' dir='ltr'>nee</span> <span class='ocrx_word' id='word_1_43' title='bbox 683 567 836 609; x_wconf 87' lang='lat' dir='ltr'>attrita</span> <span class='ocrx_word' id='word_1_44' title='bbox 867 567 903 609; x_wconf 92' lang='lat' dir='ltr'>si</span> <span class='ocrx_word' id='word_1_45' title='bbox 934 567 1048 608; x_wconf 89' lang='lat' dir='ltr'>ferat</span> <span class='ocrx_word' id='word_1_46' title='bbox 1079 580 1182 608; x_wconf 90' lang='lat' dir='ltr'>aera</span> <span class='ocrx_word' id='word_1_47' title='bbox 1212 579 1355 616; x_wconf 86' lang='lat' dir='ltr'>manu,</span> 
     </span>
     <span class='ocr_line' id='line_1_12' title="bbox 330 636 1538 695; baseline -0.003 -13"><span class='ocrx_word' id='word_1_48' title='bbox 330 639 421 682; x_wconf 79' lang='lat' dir='ltr'>Aut</span> <span class='ocrx_word' id='word_1_49' title='bbox 452 654 633 695; x_wconf 86' lang='lat' dir='ltr'>quorum</span> <span class='ocrx_word' id='word_1_50' title='bbox 664 639 817 681; x_wconf 87' lang='lat' dir='ltr'>titulus</span> <span class='ocrx_word' id='word_1_51' title='bbox 849 653 926 693; x_wconf 89' lang='lat' dir='ltr'>per</span> <span class='ocrx_word' id='word_1_52' title='bbox 955 638 1144 680; x_wconf 84' lang='lat' dir='ltr'>barbara</span> <span class='ocrx_word' id='word_1_53' title='bbox 1175 636 1290 679; x_wconf 90' lang='lat' dir='ltr'>colla</span> <span class='ocrx_word' id='word_1_54' title='bbox 1321 636 1538 692; x_wconf 81' lang='lat' dir='ltr'>pependit,</span> 
     </span>
     <span class='ocr_line' id='line_1_13' title="bbox 402 708 1207 752; baseline -0.002 0"><span class='ocrx_word' id='word_1_55' title='bbox 402 709 568 752; x_wconf 84' lang='lat' dir='ltr'>Caelati</span> <span class='ocrx_word' id='word_1_56' title='bbox 599 710 740 752; x_wconf 90' lang='lat' dir='ltr'>medio</span> <span class='ocrx_word' id='word_1_57' title='bbox 772 724 869 751; x_wconf 89' lang='lat' dir='ltr'>cum</span> <span class='ocrx_word' id='word_1_58' title='bbox 901 709 1070 751; x_wconf 87' lang='lat' dir='ltr'>saluere</span> <span class='ocrx_word' id='word_1_59' title='bbox 1100 708 1207 751; x_wconf 90' lang='lat' dir='ltr'>foro.</span> 
     </span>
     <span class='ocr_line' id='line_1_14' title="bbox 330 778 1569 836; baseline -0.002 -13"><span class='ocrx_word' id='word_1_60' title='bbox 330 780 495 823; x_wconf 87' lang='lat' dir='ltr'>Aurum</span> <span class='ocrx_word' id='word_1_61' title='bbox 527 783 733 835; x_wconf 87' lang='lat' dir='ltr'>spectato,</span> <span class='ocrx_word' id='word_1_62' title='bbox 763 794 852 822; x_wconf 89' lang='lat' dir='ltr'>non</span> <span class='ocrx_word' id='word_1_63' title='bbox 883 793 990 836; x_wconf 85' lang='lat' dir='ltr'>quae</span> <span class='ocrx_word' id='word_1_64' title='bbox 1022 794 1174 821; x_wconf 85' lang='lat' dir='ltr'>manus</span> <span class='ocrx_word' id='word_1_65' title='bbox 1206 778 1373 821; x_wconf 89' lang='lat' dir='ltr'>adferat</span> <span class='ocrx_word' id='word_1_66' title='bbox 1404 793 1569 820; x_wconf 86' lang='lat' dir='ltr'>aurum.</span> 
     </span>
     <span class='ocr_line' id='line_1_15' title="bbox 237 849 1640 905; baseline -0.002 -12"><span class='ocrx_word' id='word_1_67' title='bbox 237 849 438 894; x_wconf 87' lang='lat' dir='ltr'>Ceterum</span> <span class='ocrx_word' id='word_1_68' title='bbox 468 851 536 893; x_wconf 84' lang='lat' dir='ltr'>vel</span> <span class='ocrx_word' id='word_1_69' title='bbox 565 851 673 892; x_wconf 90' lang='lat' dir='ltr'>illud</span> <span class='ocrx_word' id='word_1_70' title='bbox 703 851 774 892; x_wconf 85' lang='lat' dir='ltr'>vix</span> <span class='ocrx_word' id='word_1_71' title='bbox 804 850 1028 905; x_wconf 82' lang='lat' dir='ltr'>probabile</span> <span class='ocrx_word' id='word_1_72' title='bbox 1053 852 1120 891; x_wconf 89' lang='lat' dir='ltr'>est</span> <span class='ocrx_word' id='word_1_73' title='bbox 1143 849 1483 891; x_wconf 88' lang='lat' dir='ltr'>famosissimum</span> <span class='ocrx_word' id='word_1_74' title='bbox 1506 863 1640 890; x_wconf 89' lang='lat' dir='ltr'>mere-</span> 
     </span>
     <span class='ocr_line' id='line_1_16' title="bbox 118 920 1641 976; baseline -0.002 -12"><span class='ocrx_word' id='word_1_75' title='bbox 118 921 240 964; x_wconf 86' lang='lat' dir='ltr'>tricis</span> <span class='ocrx_word' id='word_1_76' title='bbox 269 935 427 964; x_wconf 90' lang='lat' dir='ltr'>nomen</span> <span class='ocrx_word' id='word_1_77' title='bbox 450 921 653 963; x_wconf 89' lang='lat' dir='ltr'>Plautum</span> <span class='ocrx_word' id='word_1_78' title='bbox 685 921 895 976; x_wconf 90' lang='lat' dir='ltr'>siquidem</span> <span class='ocrx_word' id='word_1_79' title='bbox 924 920 1270 962; x_wconf 85' lang='lat' dir='ltr'>transferendam</span> <span class='ocrx_word' id='word_1_80' title='bbox 1302 923 1492 963; x_wconf 84' lang='lat' dir='ltr'>sumeret</span> <span class='ocrx_word' id='word_1_81' title='bbox 1521 920 1641 962; x_wconf 86' lang='lat' dir='ltr'>fabu-</span> 
     </span>
     <span class='ocr_line' id='line_1_17' title="bbox 117 990 1640 1046; baseline -0.001 -12"><span class='ocrx_word' id='word_1_82' title='bbox 117 992 206 1034; x_wconf 86' lang='lat' dir='ltr'>lam</span> <span class='ocrx_word' id='word_1_83' title='bbox 229 994 392 1034; x_wconf 87' lang='lat' dir='ltr'>temere</span> <span class='ocrx_word' id='word_1_84' title='bbox 417 995 609 1035; x_wconf 89' lang='lat' dir='ltr'>mutasse</span> <span class='ocrx_word' id='word_1_85' title='bbox 619 990 684 1046; x_wconf 77' lang='lat'>3⁶).</span> <span class='ocrx_word' id='word_1_86' title='bbox 734 991 857 1042; x_wconf 83' lang='lat' dir='ltr'>Quod</span> <span class='ocrx_word' id='word_1_87' title='bbox 883 994 1028 1033; x_wconf 90' lang='lat' dir='ltr'>autem</span> <span class='ocrx_word' id='word_1_88' title='bbox 1053 990 1309 1033; x_wconf 86' lang='lat' dir='ltr'>Schmitzius</span> <span class='ocrx_word' id='word_1_89' title='bbox 1336 991 1440 1033; x_wconf 89' lang='lat' dir='ltr'>dicit</span> <span class='ocrx_word' id='word_1_90' title='bbox 1465 990 1640 1033; x_wconf 88' lang='lat' dir='ltr'>Thaidis</span> 
     </span>
     <span class='ocr_line' id='line_1_18' title="bbox 118 1061 1640 1118; baseline -0.001 -14"><span class='ocrx_word' id='word_1_91' title='bbox 118 1062 273 1118; x_wconf 83' lang='lat' dir='ltr'>fragm.</span> <span class='ocrx_word' id='word_1_92' title='bbox 290 1061 376 1106; x_wconf 85' lang='lat'>111:</span> <span class='ocrx_word' id='word_1_93' title='bbox 404 1063 483 1105; x_wconf 87' lang='grc' dir='ltr'>τὸν</span> <span class='ocrx_word' id='word_1_94' title='bbox 513 1063 616 1114; x_wconf 72' lang='grc' dir='ltr'>μυὸς</span> <span class='ocrx_word' id='word_1_95' title='bbox 647 1062 830 1115; x_wconf 87' lang='grc' dir='ltr'>ὄλεθρον</span> <span class='ocrx_word' id='word_1_96' title='bbox 861 1062 1079 1118; x_wconf 86' lang='lat' dir='ltr'>proverbii</span> <span class='ocrx_word' id='word_1_97' title='bbox 1111 1061 1275 1104; x_wconf 86' lang='lat' dir='ltr'>seilicet</span> <span class='ocrx_word' id='word_1_98' title='bbox 1305 1063 1399 1105; x_wconf 91' lang='lat' dir='ltr'>loco</span> <span class='ocrx_word' id='word_1_99' title='bbox 1430 1062 1640 1104; x_wconf 87' lang='lat' dir='ltr'>usitatum</span> 
     </span>
     <span class='ocr_line' id='line_1_19' title="bbox 120 1131 1640 1188; baseline -0.001 -12"><span class='ocrx_word' id='word_1_100' title='bbox 120 1132 231 1176; x_wconf 73' lang='lat' dir='ltr'>‘non</span> <span class='ocrx_word' id='word_1_101' title='bbox 265 1147 441 1188; x_wconf 89' lang='lat' dir='ltr'>prorsus</span> <span class='ocrx_word' id='word_1_102' title='bbox 479 1134 706 1176; x_wconf 79' lang='lat' dir='ltr'>dissentire</span> <span class='ocrx_word' id='word_1_103' title='bbox 744 1148 770 1175; x_wconf 87' lang='lat' dir='ltr'>a</span> <span class='ocrx_word' id='word_1_104' title='bbox 800 1133 1025 1176; x_wconf 90' lang='lat' dir='ltr'>Phronesii</span> <span class='ocrx_word' id='word_1_105' title='bbox 1057 1132 1199 1174; x_wconf 86' lang='lat' dir='ltr'>verbis</span> <span class='ocrx_word' id='word_1_106' title='bbox 1231 1131 1307 1187; x_wconf 87' lang='lat' dir='ltr'>IV,</span> <span class='ocrx_word' id='word_1_107' title='bbox 1336 1133 1383 1187; x_wconf 85' lang='lat'>4,</span> <span class='ocrx_word' id='word_1_108' title='bbox 1418 1132 1472 1174; x_wconf 85' lang='lat'>15</span> <span class='ocrx_word' id='word_1_109' title='bbox 1508 1132 1640 1187; x_wconf 90' lang='lat' dir='ltr'>persi-</span> 
     </span>
     <span class='ocr_line' id='line_1_20' title="bbox 119 1203 1639 1260; baseline -0.001 -14"><span class='ocrx_word' id='word_1_110' title='bbox 119 1204 241 1247; x_wconf 87' lang='lat' dir='ltr'>milia</span> <span class='ocrx_word' id='word_1_111' title='bbox 276 1204 328 1247; x_wconf 88' lang='lat' dir='ltr'>de</span> <span class='ocrx_word' id='word_1_112' title='bbox 365 1219 411 1247; x_wconf 91' lang='lat' dir='ltr'>se</span> <span class='ocrx_word' id='word_1_113' title='bbox 440 1204 685 1260; x_wconf 87' lang='lat' dir='ltr'>loquentis,&#39;</span> <span class='ocrx_word' id='word_1_114' title='bbox 723 1205 830 1247; x_wconf 88' lang='lat' dir='ltr'>illud</span> <span class='ocrx_word' id='word_1_115' title='bbox 866 1204 1105 1260; x_wconf 91' lang='lat' dir='ltr'>persimile</span> <span class='ocrx_word' id='word_1_116' title='bbox 1142 1203 1255 1259; x_wconf 91' lang='lat' dir='ltr'>quod</span> <span class='ocrx_word' id='word_1_117' title='bbox 1290 1218 1391 1246; x_wconf 90' lang='lat' dir='ltr'>non</span> <span class='ocrx_word' id='word_1_118' title='bbox 1427 1218 1639 1258; x_wconf 90' lang='lat' dir='ltr'>prorsus</span> 
     </span>
     <span class='ocr_line' id='line_1_21' title="bbox 120 1273 1641 1331; baseline 0 -14"><span class='ocrx_word' id='word_1_119' title='bbox 120 1273 320 1318; x_wconf 85' lang='lat' dir='ltr'>dissentit</span> <span class='ocrx_word' id='word_1_120' title='bbox 351 1276 627 1330; x_wconf 84' lang='lat' dir='ltr'>proverbium</span> <span class='ocrx_word' id='word_1_121' title='bbox 659 1276 720 1318; x_wconf 85' lang='lat' dir='ltr'>sie</span> <span class='ocrx_word' id='word_1_122' title='bbox 746 1276 1003 1331; x_wconf 81' lang='lat' dir='ltr'>explicatur:</span> <span class='ocrx_word' id='word_1_123' title='bbox 1034 1276 1104 1318; x_wconf 82' lang='grc' dir='ltr'>διὰ</span> <span class='ocrx_word' id='word_1_124' title='bbox 1134 1277 1184 1317; x_wconf 92' lang='grc' dir='ltr'>τὸ</span> <span class='ocrx_word' id='word_1_125' title='bbox 1215 1274 1523 1327; x_wconf 85' lang='grc' dir='ltr'>ἀπορρεόντων</span> <span class='ocrx_word' id='word_1_126' title='bbox 1553 1278 1641 1317; x_wconf 88' lang='grc' dir='ltr'>τῶν</span> 
     </span>
     <span class='ocr_line' id='line_1_22' title="bbox 121 1345 1642 1399; baseline 0.001 -12"><span class='ocrx_word' id='word_1_127' title='bbox 121 1347 240 1397; x_wconf 86' lang='grc' dir='ltr'>μυῶν</span> <span class='ocrx_word' id='word_1_128' title='bbox 275 1348 416 1397; x_wconf 85' lang='grc' dir='ltr'>μελῶν</span> <span class='ocrx_word' id='word_1_129' title='bbox 455 1348 647 1398; x_wconf 73' lang='grc' dir='ltr'>θνήεκειν</span> <span class='ocrx_word' id='word_1_130' title='bbox 678 1347 843 1388; x_wconf 72' lang='grc' dir='ltr'>αὐτούς.</span> <span class='ocrx_word' id='word_1_131' title='bbox 904 1346 1072 1399; x_wconf 85' lang='grc' dir='ltr'>Εἴρηται</span> <span class='ocrx_word' id='word_1_132' title='bbox 1110 1347 1157 1388; x_wconf 76' lang='grc' dir='ltr'>δὲ</span> <span class='ocrx_word' id='word_1_133' title='bbox 1194 1347 1265 1388; x_wconf 81' lang='grc' dir='ltr'>ἐπὶ</span> <span class='ocrx_word' id='word_1_134' title='bbox 1295 1347 1383 1388; x_wconf 86' lang='grc' dir='ltr'>τῶν</span> <span class='ocrx_word' id='word_1_135' title='bbox 1415 1345 1642 1398; x_wconf 70' lang='grc' dir='ltr'>ἀπράκτως</span> 
     </span>
     <span class='ocr_line' id='line_1_23' title="bbox 123 1414 1500 1474; baseline 0 -16"><span class='ocrx_word' id='word_1_136' title='bbox 123 1414 433 1460; x_wconf 84' lang='grc' dir='ltr'>ἀποθανόντων</span> <span class='ocrx_word' id='word_1_137' title='bbox 444 1415 507 1474; x_wconf 64' lang='grc'>37).</span> <span class='ocrx_word' id='word_1_138' title='bbox 566 1417 660 1459; x_wconf 85' lang='lat' dir='ltr'>Iam</span> <span class='ocrx_word' id='word_1_139' title='bbox 692 1418 729 1459; x_wconf 89' lang='lat' dir='ltr'>si</span> <span class='ocrx_word' id='word_1_140' title='bbox 763 1417 984 1460; x_wconf 87' lang='lat' dir='ltr'>Phronesii</span> <span class='ocrx_word' id='word_1_141' title='bbox 1015 1418 1148 1460; x_wconf 85' lang='lat' dir='ltr'>verba</span> <span class='ocrx_word' id='word_1_142' title='bbox 1179 1431 1500 1472; x_wconf 88' lang='lat' dir='ltr'>comparamus:</span> 
     </span>
    </p>
   </div>
   <div class='ocr_carea' id='block_1_5' title="bbox 121 1500 403 1506">
    <p class='ocr_par' dir='ltr' id='par_1_5' title="bbox 121 1500 403 1506">
     <span class='ocr_line' id='line_1_24' title="bbox 121 1500 403 1506; baseline 0 0"><span class='ocrx_word' id='word_1_143' title='bbox 121 1500 403 1506; x_wconf 95' lang='lat' dir='ltr'> </span> 
     </span>
    </p>
   </div>
   <div class='ocr_carea' id='block_1_6' title="bbox 261 1532 1467 1589">
    <p class='ocr_par' dir='ltr' id='par_1_6' title="bbox 261 1532 1467 1589">
     <span class='ocr_line' id='line_1_25' title="bbox 261 1532 1467 1589; baseline 0 -22"><span class='ocrx_word' id='word_1_144' title='bbox 261 1532 375 1589; x_wconf 74' lang='lat' dir='ltr'>Iubeo</span> <span class='ocrx_word' id='word_1_145' title='bbox 398 1545 465 1568; x_wconf 86' lang='lat' dir='ltr'>vos</span> <span class='ocrx_word' id='word_1_146' title='bbox 490 1533 643 1568; x_wconf 87' lang='lat' dir='ltr'>salvere.</span> <span class='ocrx_word' id='word_1_147' title='bbox 693 1534 828 1569; x_wconf 84' lang='lat' dir='ltr'>Noster</span> <span class='ocrx_word' id='word_1_148' title='bbox 853 1534 965 1578; x_wconf 85' lang='lat' dir='ltr'>Geta,</span> <span class='ocrx_word' id='word_1_149' title='bbox 990 1534 1080 1578; x_wconf 91' lang='lat' dir='ltr'>quid</span> <span class='ocrx_word' id='word_1_150' title='bbox 1106 1534 1204 1579; x_wconf 89' lang='lat' dir='ltr'>agis,</span> <span class='ocrx_word' id='word_1_151' title='bbox 1230 1533 1314 1579; x_wconf 88' lang='lat' dir='ltr'>ut(i)</span> <span class='ocrx_word' id='word_1_152' title='bbox 1339 1533 1467 1568; x_wconf 80' lang='lat' dir='ltr'>vales?</span> 
     </span>
    </p>
   </div>
   <div class='ocr_carea' id='block_1_7' title="bbox 121 1601 1642 1827">
    <p class='ocr_par' dir='ltr' id='par_1_7' title="bbox 121 1601 1642 1827">
     <span class='ocr_line' id='line_1_26' title="bbox 122 1601 1640 1649; baseline 0.001 -11"><span class='ocrx_word' id='word_1_153' title='bbox 122 1601 196 1638; x_wconf 85' lang='lat' dir='ltr'>Sed</span> <span class='ocrx_word' id='word_1_154' title='bbox 224 1602 499 1649; x_wconf 86' lang='lat' dir='ltr'>ineptissimum</span> <span class='ocrx_word' id='word_1_155' title='bbox 531 1605 628 1639; x_wconf 81' lang='lat' dir='ltr'>esset</span> <span class='ocrx_word' id='word_1_156' title='bbox 658 1615 791 1639; x_wconf 87' lang='lat' dir='ltr'>nomen</span> <span class='ocrx_word' id='word_1_157' title='bbox 822 1605 920 1649; x_wconf 90' lang='lat' dir='ltr'>quod</span> <span class='ocrx_word' id='word_1_158' title='bbox 953 1606 1113 1640; x_wconf 84' lang='lat' dir='ltr'>metrum</span> <span class='ocrx_word' id='word_1_159' title='bbox 1145 1603 1269 1649; x_wconf 84' lang='lat' dir='ltr'>arguit</span> <span class='ocrx_word' id='word_1_160' title='bbox 1299 1605 1396 1638; x_wconf 88' lang='lat' dir='ltr'>stare</span> <span class='ocrx_word' id='word_1_161' title='bbox 1428 1615 1502 1639; x_wconf 88' lang='lat' dir='ltr'>non</span> <span class='ocrx_word' id='word_1_162' title='bbox 1532 1615 1640 1649; x_wconf 90' lang='lat' dir='ltr'>posse</span> 
     </span>
     <span class='ocr_line' id='line_1_27' title="bbox 123 1661 1642 1707; baseline 0.001 -10"><span class='ocrx_word' id='word_1_163' title='bbox 123 1663 257 1706; x_wconf 65' lang='lat' dir='ltr'>poetae</span> <span class='ocrx_word' id='word_1_164' title='bbox 280 1661 427 1698; x_wconf 81' lang='lat' dir='ltr'>fabulas</span> <span class='ocrx_word' id='word_1_165' title='bbox 453 1662 721 1698; x_wconf 78' lang='lat' dir='ltr'>contaminanti</span> <span class='ocrx_word' id='word_1_166' title='bbox 746 1663 909 1698; x_wconf 88' lang='lat' dir='ltr'>tribuere</span> <span class='ocrx_word' id='word_1_167' title='bbox 929 1675 1003 1698; x_wconf 91' lang='lat' dir='ltr'>non</span> <span class='ocrx_word' id='word_1_168' title='bbox 1021 1663 1143 1698; x_wconf 88' lang='lat' dir='ltr'>minus</span> <span class='ocrx_word' id='word_1_169' title='bbox 1162 1674 1274 1707; x_wconf 90' lang='lat' dir='ltr'>quam</span> <span class='ocrx_word' id='word_1_170' title='bbox 1293 1662 1547 1698; x_wconf 83' lang='lat' dir='ltr'>diasceuastae</span> <span class='ocrx_word' id='word_1_171' title='bbox 1566 1664 1642 1698; x_wconf 89' lang='lat' dir='ltr'>cui-</span> 
     </span>
     <span class='ocr_line' id='line_1_28' title="bbox 121 1720 1640 1767; baseline 0.002 -12"><span class='ocrx_word' id='word_1_172' title='bbox 121 1720 210 1755; x_wconf 82' lang='lat' dir='ltr'>dam</span> <span class='ocrx_word' id='word_1_173' title='bbox 241 1731 325 1756; x_wconf 86' lang='lat' dir='ltr'>eum</span> <span class='ocrx_word' id='word_1_174' title='bbox 350 1721 511 1767; x_wconf 83' lang='lat' dir='ltr'>Bergkio</span> <span class='ocrx_word' id='word_1_175' title='bbox 540 1721 564 1757; x_wconf 88' lang='lat' dir='ltr'>l.</span> <span class='ocrx_word' id='word_1_176' title='bbox 591 1733 619 1757; x_wconf 90' lang='lat' dir='ltr'>s.</span> <span class='ocrx_word' id='word_1_177' title='bbox 646 1734 672 1756; x_wconf 87' lang='lat' dir='ltr'>s.</span> <span class='ocrx_word' id='word_1_178' title='bbox 698 1734 734 1766; x_wconf 92' lang='lat' dir='ltr'>p.</span> <span class='ocrx_word' id='word_1_179' title='bbox 763 1726 829 1756; x_wconf 80' lang='lat'>129</span> <span class='ocrx_word' id='word_1_180' title='bbox 858 1722 944 1757; x_wconf 83' lang='lat' dir='ltr'>‘est’</span> <span class='ocrx_word' id='word_1_181' title='bbox 972 1722 1164 1758; x_wconf 82' lang='lat' dir='ltr'>inserente.</span> <span class='ocrx_word' id='word_1_182' title='bbox 1215 1722 1354 1757; x_wconf 90' lang='lat' dir='ltr'>Locum</span> <span class='ocrx_word' id='word_1_183' title='bbox 1379 1724 1504 1757; x_wconf 87' lang='lat' dir='ltr'>autem</span> <span class='ocrx_word' id='word_1_184' title='bbox 1530 1734 1640 1767; x_wconf 89' lang='lat' dir='ltr'>quem</span> 
     </span>
     <span class='ocr_line' id='line_1_29' title="bbox 125 1777 1642 1827; baseline 0.003 -14"><span class='ocrx_word' id='word_1_185' title='bbox 125 1777 328 1824; x_wconf 79' lang='lat' dir='ltr'>Seyffertus</span> <span class='ocrx_word' id='word_1_186' title='bbox 354 1779 407 1815; x_wconf 87' lang='lat' dir='ltr'>St.</span> <span class='ocrx_word' id='word_1_187' title='bbox 431 1780 486 1815; x_wconf 91' lang='lat' dir='ltr'>Pl.</span> <span class='ocrx_word' id='word_1_188' title='bbox 512 1792 547 1825; x_wconf 90' lang='lat' dir='ltr'>p.</span> <span class='ocrx_word' id='word_1_189' title='bbox 575 1784 619 1815; x_wconf 89' lang='lat'>13</span> <span class='ocrx_word' id='word_1_190' title='bbox 646 1780 882 1826; x_wconf 83' lang='lat' dir='ltr'>Buggiusqne</span> <span class='ocrx_word' id='word_1_191' title='bbox 906 1781 931 1816; x_wconf 91' lang='lat'>1.</span> <span class='ocrx_word' id='word_1_192' title='bbox 957 1793 985 1816; x_wconf 89' lang='lat' dir='ltr'>s.</span> <span class='ocrx_word' id='word_1_193' title='bbox 1012 1794 1040 1815; x_wconf 87' lang='lat' dir='ltr'>s.</span> <span class='ocrx_word' id='word_1_194' title='bbox 1065 1793 1101 1825; x_wconf 90' lang='lat' dir='ltr'>p.</span> <span class='ocrx_word' id='word_1_195' title='bbox 1126 1785 1197 1816; x_wconf 85' lang='lat'>413</span> <span class='ocrx_word' id='word_1_196' title='bbox 1223 1781 1267 1816; x_wconf 87' lang='lat' dir='ltr'>cl.</span> <span class='ocrx_word' id='word_1_197' title='bbox 1293 1780 1434 1817; x_wconf 87' lang='lat' dir='ltr'>Cistell.</span> <span class='ocrx_word' id='word_1_198' title='bbox 1461 1782 1522 1826; x_wconf 82' lang='lat' dir='ltr'>IV,</span> <span class='ocrx_word' id='word_1_199' title='bbox 1543 1787 1575 1827; x_wconf 78' lang='lat'>2,</span> <span class='ocrx_word' id='word_1_200' title='bbox 1596 1787 1642 1818; x_wconf 83' lang='lat'>58</span> 
     </span>
    </p>
   </div>
   <div class='ocr_carea' id='block_1_8' title="bbox 125 1848 1534 2039">
    <p class='ocr_par' dir='ltr' id='par_1_8' title="bbox 125 1848 1534 2039">
     <span class='ocr_line' id='line_1_30' title="bbox 266 1848 1534 1897; baseline 0.003 -13"><span class='ocrx_word' id='word_1_201' title='bbox 266 1848 381 1885; x_wconf 75' lang='lat' dir='ltr'>Iubeo</span> <span class='ocrx_word' id='word_1_202' title='bbox 406 1862 471 1886; x_wconf 88' lang='lat' dir='ltr'>vos</span> <span class='ocrx_word' id='word_1_203' title='bbox 496 1851 647 1887; x_wconf 75' lang='lat' dir='ltr'>salvere.</span> <span class='ocrx_word' id='word_1_204' title='bbox 696 1851 746 1886; x_wconf 85' lang='lat' dir='ltr'>Et</span> <span class='ocrx_word' id='word_1_205' title='bbox 767 1863 835 1887; x_wconf 91' lang='lat' dir='ltr'>nos</span> <span class='ocrx_word' id='word_1_206' title='bbox 859 1853 897 1887; x_wconf 88' lang='lat' dir='ltr'>te</span> <span class='ocrx_word' id='word_1_207' title='bbox 923 1851 1078 1896; x_wconf 75' lang='lat' dir='ltr'>Ciiame‚</span> <span class='ocrx_word' id='word_1_208' title='bbox 1104 1852 1193 1896; x_wconf 79' lang='lat' dir='ltr'>quid</span> <span class='ocrx_word' id='word_1_209' title='bbox 1218 1852 1315 1897; x_wconf 82' lang='lat' dir='ltr'>agis,</span> <span class='ocrx_word' id='word_1_210' title='bbox 1340 1854 1384 1888; x_wconf 86' lang='lat' dir='ltr'>1&#39;1t</span> <span class='ocrx_word' id='word_1_211' title='bbox 1408 1853 1534 1888; x_wconf 80' lang='lat' dir='ltr'>vales?</span> 
     </span>
     <span class='ocr_line' id='line_1_31' title="bbox 125 1918 1093 1967; baseline 0.005 -15"><span class='ocrx_word' id='word_1_212' title='bbox 125 1918 364 1964; x_wconf 85' lang='lat' dir='ltr'>scripserunt,</span> <span class='ocrx_word' id='word_1_213' title='bbox 390 1921 594 1966; x_wconf 84' lang='lat' dir='ltr'>simplicius</span> <span class='ocrx_word' id='word_1_214' title='bbox 620 1922 735 1958; x_wconf 84' lang='lat' dir='ltr'>etiam</span> <span class='ocrx_word' id='word_1_215' title='bbox 758 1922 814 1958; x_wconf 82' lang='lat' dir='ltr'>ita</span> <span class='ocrx_word' id='word_1_216' title='bbox 838 1923 962 1957; x_wconf 86' lang='lat' dir='ltr'>sanari</span> <span class='ocrx_word' id='word_1_217' title='bbox 985 1924 1093 1967; x_wconf 86' lang='lat' dir='ltr'>puto:</span> 
     </span>
     <span class='ocr_line' id='line_1_32' title="bbox 265 1989 1516 2039; baseline 0.003 -14"><span class='ocrx_word' id='word_1_218' title='bbox 265 1989 378 2026; x_wconf 70' lang='lat' dir='ltr'>Iubeo</span> <span class='ocrx_word' id='word_1_219' title='bbox 402 2003 468 2027; x_wconf 82' lang='lat' dir='ltr'>vos</span> <span class='ocrx_word' id='word_1_220' title='bbox 492 1992 645 2028; x_wconf 73' lang='lat' dir='ltr'>salvere.</span> <span class='ocrx_word' id='word_1_221' title='bbox 695 1993 725 2028; x_wconf 95' lang='grc' dir='ltr'>Ο</span> <span class='ocrx_word' id='word_1_222' title='bbox 750 1994 878 2028; x_wconf 87' lang='lat' dir='ltr'>noster</span> <span class='ocrx_word' id='word_1_223' title='bbox 901 1992 1059 2038; x_wconf 68' lang='lat' dir='ltr'>Cliame,</span> <span class='ocrx_word' id='word_1_224' title='bbox 1084 1993 1173 2038; x_wconf 91' lang='lat' dir='ltr'>quid</span> <span class='ocrx_word' id='word_1_225' title='bbox 1198 1993 1298 2039; x_wconf 72' lang='lat' dir='ltr'>agiS‚</span> <span class='ocrx_word' id='word_1_226' title='bbox 1322 1995 1366 2028; x_wconf 83' lang='lat' dir='ltr'>1&#39;1t</span> <span class='ocrx_word' id='word_1_227' title='bbox 1388 1994 1516 2030; x_wconf 77' lang='lat' dir='ltr'>vales?</span> 
     </span>
    </p>
   </div>
   <div class='ocr_carea' id='block_1_9' title="bbox 80 2048 674 2108">
    <p class='ocr_par' dir='ltr' id='par_1_9' title="bbox 80 2048 674 2108">
     <span class='ocr_line' id='line_1_33' title="bbox 80 2048 674 2108; baseline 0.011 -15"><span class='ocrx_word' id='word_1_228' title='bbox 80 2048 89 2065; x_wconf 71' lang='lat'><em>&#39;</em></span> <span class='ocrx_word' id='word_1_229' title='bbox 127 2058 289 2097; x_wconf 66' lang='lat' dir='ltr'>OfiTer.</span> <span class='ocrx_word' id='word_1_230' title='bbox 314 2061 383 2097; x_wconf 90' lang='lat' dir='ltr'>Ad</span> <span class='ocrx_word' id='word_1_231' title='bbox 408 2062 452 2107; x_wconf 89' lang='lat' dir='ltr'>V,</span> <span class='ocrx_word' id='word_1_232' title='bbox 478 2066 512 2107; x_wconf 91' lang='lat'>5,</span> <span class='ocrx_word' id='word_1_233' title='bbox 536 2067 674 2108; x_wconf 83' lang='lat' dir='ltr'>2sqq.·</span> 
     </span>
    </p>
   </div>
   <div class='ocr_carea' id='block_1_10' title="bbox 265 2119 1477 2285">
    <p class='ocr_par' dir='ltr' id='par_1_10' title="bbox 265 2119 1477 2285">
     <span class='ocr_line' id='line_1_34' title="bbox 267 2119 1477 2169; baseline 0.002 -14.01"><span class='ocrx_word' id='word_1_234' title='bbox 267 2119 360 2162; x_wconf 84' lang='lat' dir='ltr'>Quis</span> <span class='ocrx_word' id='word_1_235' title='bbox 385 2120 520 2156; x_wconf 80' lang='lat' dir='ltr'>homo?</span> <span class='ocrx_word' id='word_1_236' title='bbox 546 2123 568 2157; x_wconf 82' lang='lat'><em>6</em></span> <span class='ocrx_word' id='word_1_237' title='bbox 594 2121 684 2167; x_wconf 81' lang='lat' dir='ltr'>Syre</span> <span class='ocrx_word' id='word_1_238' title='bbox 708 2123 844 2167; x_wconf 86' lang='lat' dir='ltr'>noster,</span> <span class='ocrx_word' id='word_1_239' title='bbox 869 2122 988 2157; x_wconf 86' lang='lat' dir='ltr'>salve:</span> <span class='ocrx_word' id='word_1_240' title='bbox 1014 2122 1105 2167; x_wconf 89' lang='lat' dir='ltr'>quid</span> <span class='ocrx_word' id='word_1_241' title='bbox 1129 2123 1187 2167; x_wconf 88' lang='lat' dir='ltr'>fit,</span> <span class='ocrx_word' id='word_1_242' title='bbox 1213 2123 1304 2167; x_wconf 80' lang='lat' dir='ltr'>qnid</span> <span class='ocrx_word' id='word_1_243' title='bbox 1328 2123 1477 2169; x_wconf 83' lang='lat' dir='ltr'>agitur?</span> 
     </span>
     <span class='ocr_line' id='line_1_35' title="bbox 266 2164 1161 2226; baseline 0.003 -13"><span class='ocrx_word' id='word_1_244' title='bbox 266 2205 393 2215; x_wconf 93' lang='grc'><strong>.....</strong></span> <span class='ocrx_word' id='word_1_245' title='bbox 397 2164 489 2214; x_wconf 84' lang='lat' dir='ltr'>iam</span> <span class='ocrx_word' id='word_1_246' title='bbox 513 2181 610 2215; x_wconf 77' lang='lat' dir='ltr'>minc</span> <span class='ocrx_word' id='word_1_247' title='bbox 633 2180 726 2216; x_wconf 84' lang='lat' dir='ltr'>haec</span> <span class='ocrx_word' id='word_1_248' title='bbox 750 2181 823 2216; x_wconf 76' lang='lat' dir='ltr'>tria¹</span> <span class='ocrx_word' id='word_1_249' title='bbox 846 2181 1006 2226; x_wconf 88' lang='lat' dir='ltr'>primum</span> <span class='ocrx_word' id='word_1_250' title='bbox 1033 2181 1161 2216; x_wconf 87' lang='lat' dir='ltr'>addidi</span> 
     </span>
     <span class='ocr_line' id='line_1_36' title="bbox 265 2237 1370 2285; baseline 0.004 -13"><span class='ocrx_word' id='word_1_251' title='bbox 265 2237 419 2273; x_wconf 77' lang='lat' dir='ltr'>Praeter</span> <span class='ocrx_word' id='word_1_252' title='bbox 442 2240 630 2274; x_wconf 85' lang='lat' dir='ltr'>naturam.</span> <span class='ocrx_word' id='word_1_253' title='bbox 658 2239 695 2274; x_wconf 87' lang='lat' dir='ltr'>‘o</span> <span class='ocrx_word' id='word_1_254' title='bbox 720 2241 855 2284; x_wconf 74' lang='lat' dir='ltr'>noster,</span> <span class='ocrx_word' id='word_1_255' title='bbox 881 2240 970 2284; x_wconf 87' lang='lat' dir='ltr'>quid</span> <span class='ocrx_word' id='word_1_256' title='bbox 995 2240 1060 2275; x_wconf 76' lang='lat' dir='ltr'>fit?</span> <span class='ocrx_word' id='word_1_257' title='bbox 1086 2240 1175 2285; x_wconf 79' lang='lat' dir='ltr'>quid</span> <span class='ocrx_word' id='word_1_258' title='bbox 1201 2241 1370 2285; x_wconf 83' lang='lat' dir='ltr'>agitur?&#39;</span> 
     </span>
    </p>
   </div>
   <div class='ocr_carea' id='block_1_11' title="bbox 123 2292 1643 2650">
    <p class='ocr_par' dir='ltr' id='par_1_11' title="bbox 123 2292 1643 2586">
     <span class='ocr_line' id='line_1_37' title="bbox 126 2292 1640 2356; baseline 0.005 -16"><span class='ocrx_word' id='word_1_259' title='bbox 126 2304 345 2352; x_wconf 83' lang='lat' dir='ltr'>Corruptela</span> <span class='ocrx_word' id='word_1_260' title='bbox 368 2310 493 2345; x_wconf 84' lang='lat' dir='ltr'>autem</span> <span class='ocrx_word' id='word_1_261' title='bbox 518 2309 571 2344; x_wconf 88' lang='lat' dir='ltr'>sic</span> <span class='ocrx_word' id='word_1_262' title='bbox 596 2311 679 2345; x_wconf 84' lang='lat' dir='ltr'>orta</span> <span class='ocrx_word' id='word_1_263' title='bbox 704 2311 771 2353; x_wconf 89' lang='lat' dir='ltr'>est,</span> <span class='ocrx_word' id='word_1_264' title='bbox 796 2311 839 2344; x_wconf 86' lang='lat' dir='ltr'>ut</span> <span class='ocrx_word' id='word_1_265' title='bbox 864 2309 1029 2355; x_wconf 89' lang='lat' dir='ltr'>dispesta</span> <span class='ocrx_word' id='word_1_266' title='bbox 1053 2322 1075 2346; x_wconf 88' lang='lat' dir='ltr'>a</span> <span class='ocrx_word' id='word_1_267' title='bbox 1100 2322 1170 2346; x_wconf 82' lang='lat' dir='ltr'>cua</span> <span class='ocrx_word' id='word_1_268' title='bbox 1194 2322 1247 2346; x_wconf 85' lang='lat' dir='ltr'>me</span> <span class='ocrx_word' id='word_1_269' title='bbox 1273 2292 1419 2356; x_wconf 69' lang='lat' dir='ltr'>syllaba</span> <span class='ocrx_word' id='word_1_270' title='bbox 1443 2312 1503 2356; x_wconf 87' lang='lat' dir='ltr'>(cf.</span> <span class='ocrx_word' id='word_1_271' title='bbox 1529 2313 1640 2348; x_wconf 83' lang='lat' dir='ltr'>libro·</span> 
     </span>
     <span class='ocr_line' id='line_1_38' title="bbox 123 2365 1642 2416; baseline 0.005 -17"><span class='ocrx_word' id='word_1_272' title='bbox 123 2376 207 2399; x_wconf 86' lang='lat' dir='ltr'>rum</span> <span class='ocrx_word' id='word_1_273' title='bbox 237 2365 456 2411; x_wconf 83' lang='lat' dir='ltr'>scripturam</span> <span class='ocrx_word' id='word_1_274' title='bbox 486 2368 537 2410; x_wconf 89' lang='lat'>11,</span> <span class='ocrx_word' id='word_1_275' title='bbox 564 2373 596 2413; x_wconf 78' lang='lat'>7,</span> <span class='ocrx_word' id='word_1_276' title='bbox 622 2373 667 2404; x_wconf 87' lang='lat'>30</span> <span class='ocrx_word' id='word_1_277' title='bbox 698 2379 781 2404; x_wconf 86' lang='lat' dir='ltr'>cum</span> <span class='ocrx_word' id='word_1_278' title='bbox 806 2368 1020 2415; x_wconf 85' lang='lat' dir='ltr'>Kiesslingii</span> <span class='ocrx_word' id='word_1_279' title='bbox 1051 2370 1308 2404; x_wconf 85' lang='lat' dir='ltr'>emendatione</span> <span class='ocrx_word' id='word_1_280' title='bbox 1339 2370 1363 2405; x_wconf 87' lang='grc'>1.</span> <span class='ocrx_word' id='word_1_281' title='bbox 1390 2382 1417 2405; x_wconf 81' lang='lat' dir='ltr'>s,</span> <span class='ocrx_word' id='word_1_282' title='bbox 1444 2383 1471 2405; x_wconf 93' lang='lat' dir='ltr'>s.</span> <span class='ocrx_word' id='word_1_283' title='bbox 1497 2383 1533 2416; x_wconf 91' lang='lat' dir='ltr'>p.</span> <span class='ocrx_word' id='word_1_284' title='bbox 1560 2372 1642 2408; x_wconf 68' lang='lat'>618)</span> 
     </span>
     <span class='ocr_line' id='line_1_39' title="bbox 124 2422 1643 2474; baseline 0.003 -16"><span class='ocrx_word' id='word_1_285' title='bbox 124 2422 293 2468; x_wconf 82' lang='lat' dir='ltr'>ineptum</span> <span class='ocrx_word' id='word_1_286' title='bbox 317 2425 415 2469; x_wconf 87' lang='lat' dir='ltr'>quod</span> <span class='ocrx_word' id='word_1_287' title='bbox 441 2426 637 2462; x_wconf 83' lang='lat' dir='ltr'>videbatur</span> <span class='ocrx_word' id='word_1_288' title='bbox 660 2438 862 2472; x_wconf 88' lang='lat' dir='ltr'>pronomen</span> <span class='ocrx_word' id='word_1_289' title='bbox 888 2429 1171 2473; x_wconf 84' lang='lat' dir='ltr'>expungeretur.</span> <span class='ocrx_word' id='word_1_290' title='bbox 1214 2429 1294 2463; x_wconf 88' lang='lat' dir='ltr'>Iam</span> <span class='ocrx_word' id='word_1_291' title='bbox 1319 2439 1364 2463; x_wconf 83' lang='lat' dir='ltr'>ex</span> <span class='ocrx_word' id='word_1_292' title='bbox 1389 2427 1504 2463; x_wconf 88' lang='lat' dir='ltr'><strong>CHIA</strong></span> <span class='ocrx_word' id='word_1_293' title='bbox 1525 2429 1582 2474; x_wconf 79' lang='lat' dir='ltr'>(ef.</span> <span class='ocrx_word' id='word_1_294' title='bbox 1598 2430 1643 2472; x_wconf 86' lang='grc' dir='ltr'>ΙΙ,</span> 
     </span>
     <span class='ocr_line' id='line_1_40' title="bbox 127 2483 1643 2530; baseline 0.004 -14"><span class='ocrx_word' id='word_1_295' title='bbox 127 2484 160 2525; x_wconf 82' lang='grc'>’1,</span> <span class='ocrx_word' id='word_1_296' title='bbox 185 2485 248 2526; x_wconf 66' lang='grc'>28,</span> <span class='ocrx_word' id='word_1_297' title='bbox 279 2483 342 2527; x_wconf 89' lang='lat' dir='ltr'>IV,</span> <span class='ocrx_word' id='word_1_298' title='bbox 370 2488 408 2528; x_wconf 92' lang='lat'>1,</span> <span class='ocrx_word' id='word_1_299' title='bbox 433 2486 470 2530; x_wconf 82' lang='lat'>4)</span> <span class='ocrx_word' id='word_1_300' title='bbox 494 2496 606 2529; x_wconf 87' lang='lat' dir='ltr'>quam</span> <span class='ocrx_word' id='word_1_301' title='bbox 629 2485 738 2520; x_wconf 83' lang='lat' dir='ltr'>facile</span> <span class='ocrx_word' id='word_1_302' title='bbox 764 2485 895 2521; x_wconf 86' lang='lat' dir='ltr'>GETA</span> <span class='ocrx_word' id='word_1_303' title='bbox 919 2485 1151 2521; x_wconf 87' lang='lat' dir='ltr'>notissimum</span> <span class='ocrx_word' id='word_1_304' title='bbox 1177 2497 1365 2522; x_wconf 86' lang='lat' dir='ltr'>servorum</span> <span class='ocrx_word' id='word_1_305' title='bbox 1390 2499 1525 2522; x_wconf 89' lang='lat' dir='ltr'>nomen</span> <span class='ocrx_word' id='word_1_306' title='bbox 1552 2499 1574 2522; x_wconf 90' lang='lat' dir='ltr'>a</span> <span class='ocrx_word' id='word_1_307' title='bbox 1599 2487 1643 2522; x_wconf 86' lang='lat' dir='ltr'>li-</span> 
     </span>
     <span class='ocr_line' id='line_1_41' title="bbox 125 2539 916 2586; baseline 0.005 -11"><span class='ocrx_word' id='word_1_308' title='bbox 125 2539 258 2576; x_wconf 79' lang='lat' dir='ltr'>brariis</span> <span class='ocrx_word' id='word_1_309' title='bbox 281 2541 378 2576; x_wconf 83' lang='lat' dir='ltr'>effici</span> <span class='ocrx_word' id='word_1_310' title='bbox 402 2541 566 2586; x_wconf 86' lang='lat' dir='ltr'>potuerit</span> <span class='ocrx_word' id='word_1_311' title='bbox 588 2543 826 2579; x_wconf 84' lang='lat' dir='ltr'>manifestum</span> <span class='ocrx_word' id='word_1_312' title='bbox 851 2546 916 2579; x_wconf 89' lang='lat' dir='ltr'>est.</span> 
     </span>
    </p>

    <p class='ocr_par' dir='ltr' id='par_1_12' title="bbox 220 2600 1642 2650">
     <span class='ocr_line' id='line_1_42' title="bbox 220 2600 1642 2650; baseline 0.004 -16"><span class='ocrx_word' id='word_1_313' title='bbox 220 2600 280 2643; x_wconf 77' lang='lat'>36)</span> <span class='ocrx_word' id='word_1_314' title='bbox 309 2600 342 2634; x_wconf 86' lang='lat' dir='ltr'>A</span> <span class='ocrx_word' id='word_1_315' title='bbox 365 2600 500 2636; x_wconf 83' lang='lat' dir='ltr'>Plauto</span> <span class='ocrx_word' id='word_1_316' title='bbox 531 2601 704 2638; x_wconf 82' lang='lat' dir='ltr'>adderem</span> <span class='ocrx_word' id='word_1_317' title='bbox 734 2603 942 2638; x_wconf 83' lang='lat' dir='ltr'>adhibitam</span> <span class='ocrx_word' id='word_1_318' title='bbox 973 2615 1051 2639; x_wconf 88' lang='lat' dir='ltr'>esse</span> <span class='ocrx_word' id='word_1_319' title='bbox 1078 2605 1259 2640; x_wconf 85' lang='lat' dir='ltr'>Thaidem</span> <span class='ocrx_word' id='word_1_320' title='bbox 1292 2617 1367 2640; x_wconf 90' lang='lat' dir='ltr'>non</span> <span class='ocrx_word' id='word_1_321' title='bbox 1392 2617 1518 2650; x_wconf 88' lang='lat' dir='ltr'>posse,</span> <span class='ocrx_word' id='word_1_322' title='bbox 1556 2605 1642 2649; x_wconf 82' lang='lat' dir='ltr'>quia</span> 
     </span>
    </p>
   </div>
   <div class='ocr_carea' id='block_1_12' title="bbox 50 2656 1643 2709">
    <p class='ocr_par' dir='ltr' id='par_1_13' title="bbox 50 2656 1643 2709">
     <span class='ocr_line' id='line_1_43' title="bbox 50 2656 1643 2709; baseline 0.004 -18"><span class='ocrx_word' id='word_1_323' title='bbox 50 2669 55 2677; x_wconf 90' lang='lat'><strong>·</strong></span> <span class='ocrx_word' id='word_1_324' title='bbox 128 2656 300 2693; x_wconf 75' lang='lat' dir='ltr'>Afranius</span> <span class='ocrx_word' id='word_1_325' title='bbox 331 2670 412 2694; x_wconf 84' lang='lat' dir='ltr'>eam</span> <span class='ocrx_word' id='word_1_326' title='bbox 443 2659 482 2694; x_wconf 91' lang='lat' dir='ltr'>in</span> <span class='ocrx_word' id='word_1_327' title='bbox 512 2672 619 2695; x_wconf 89' lang='lat' dir='ltr'>usum</span> <span class='ocrx_word' id='word_1_328' title='bbox 650 2661 876 2697; x_wconf 84' lang='lat' dir='ltr'>converterit</span> <span class='ocrx_word' id='word_1_329' title='bbox 907 2663 966 2706; x_wconf 88' lang='lat' dir='ltr'>(cf.</span> <span class='ocrx_word' id='word_1_330' title='bbox 999 2663 1080 2698; x_wconf 88' lang='lat' dir='ltr'>Ter.</span> <span class='ocrx_word' id='word_1_331' title='bbox 1112 2664 1204 2700; x_wconf 88' lang='lat' dir='ltr'>Eun.</span> <span class='ocrx_word' id='word_1_332' title='bbox 1235 2665 1329 2709; x_wconf 88' lang='lat' dir='ltr'>prol.</span> <span class='ocrx_word' id='word_1_333' title='bbox 1362 2677 1394 2699; x_wconf 84' lang='lat' dir='ltr'>v.</span> <span class='ocrx_word' id='word_1_334' title='bbox 1427 2668 1472 2698; x_wconf 88' lang='lat'>33</span> <span class='ocrx_word' id='word_1_335' title='bbox 1493 2666 1575 2708; x_wconf 75' lang='lat' dir='ltr'>sq),</span> <span class='ocrx_word' id='word_1_336' title='bbox 1612 2664 1643 2698; x_wconf 90' lang='lat' dir='ltr'>si</span> 
     </span>
    </p>
   </div>
   <div class='ocr_carea' id='block_1_13' title="bbox 127 2716 1643 2824">
    <p class='ocr_par' dir='ltr' id='par_1_14' title="bbox 127 2716 1643 2824">
     <span class='ocr_line' id='line_1_44' title="bbox 129 2716 1643 2767; baseline 0.003 -16"><span class='ocrx_word' id='word_1_337' title='bbox 129 2716 265 2752; x_wconf 73' lang='lat' dir='ltr'>certius</span> <span class='ocrx_word' id='word_1_338' title='bbox 289 2717 335 2752; x_wconf 90' lang='lat' dir='ltr'>de</span> <span class='ocrx_word' id='word_1_339' title='bbox 359 2718 503 2753; x_wconf 87' lang='lat' dir='ltr'>Afranii</span> <span class='ocrx_word' id='word_1_340' title='bbox 527 2718 655 2755; x_wconf 79' lang='lat' dir='ltr'>fabula</span> <span class='ocrx_word' id='word_1_341' title='bbox 683 2719 863 2755; x_wconf 86' lang='lat' dir='ltr'>iudicium</span> <span class='ocrx_word' id='word_1_342' title='bbox 887 2723 999 2765; x_wconf 88' lang='lat' dir='ltr'>esset;</span> <span class='ocrx_word' id='word_1_343' title='bbox 1037 2722 1082 2758; x_wconf 85' lang='lat' dir='ltr'>cf.</span> <span class='ocrx_word' id='word_1_344' title='bbox 1109 2722 1288 2758; x_wconf 86' lang='lat' dir='ltr'>Ribbeck.</span> <span class='ocrx_word' id='word_1_345' title='bbox 1315 2722 1416 2757; x_wconf 88' lang='lat' dir='ltr'>Com.</span> <span class='ocrx_word' id='word_1_346' title='bbox 1442 2722 1484 2756; x_wconf 91' lang='lat' dir='ltr'>R.</span> <span class='ocrx_word' id='word_1_347' title='bbox 1509 2721 1643 2767; x_wconf 65' lang='lat' dir='ltr'>fragm.</span> 
     </span>
     <span class='ocr_line' id='line_1_45' title="bbox 127 2775 958 2824; baseline 0.006 -15"><span class='ocrx_word' id='word_1_348' title='bbox 127 2785 165 2819; x_wconf 87' lang='lat' dir='ltr'>p.</span> <span class='ocrx_word' id='word_1_349' title='bbox 189 2778 256 2810; x_wconf 76' lang='lat'>207</span> <span class='ocrx_word' id='word_1_350' title='bbox 284 2775 340 2811; x_wconf 86' lang='lat' dir='ltr'>ed.</span> <span class='ocrx_word' id='word_1_351' title='bbox 366 2776 412 2819; x_wconf 86' lang='lat'>11,</span> <span class='ocrx_word' id='word_1_352' title='bbox 436 2776 616 2812; x_wconf 77' lang='lat' dir='ltr'>Bitschel.</span> <span class='ocrx_word' id='word_1_353' title='bbox 641 2777 789 2824; x_wconf 83' lang='lat' dir='ltr'>Parerg.</span> <span class='ocrx_word' id='word_1_354' title='bbox 815 2791 851 2824; x_wconf 89' lang='lat' dir='ltr'>p.</span> <span class='ocrx_word' id='word_1_355' title='bbox 880 2783 958 2815; x_wconf 84' lang='lat'>142.</span> 
     </span>
    </p>
   </div>
   <div class='ocr_carea' id='block_1_14' title="bbox 199 2833 1642 2932">
    <p class='ocr_par' dir='ltr' id='par_1_15' title="bbox 199 2833 1642 2932">
     <span class='ocr_line' id='line_1_46' title="bbox 222 2833 1642 2884; baseline 0.005 -16"><span class='ocrx_word' id='word_1_356' title='bbox 222 2835 281 2878; x_wconf 79' lang='lat'>37)</span> <span class='ocrx_word' id='word_1_357' title='bbox 318 2833 474 2879; x_wconf 84' lang='lat' dir='ltr'>Diogen.</span> <span class='ocrx_word' id='word_1_358' title='bbox 498 2835 568 2880; x_wconf 86' lang='lat' dir='ltr'>VI,</span> <span class='ocrx_word' id='word_1_359' title='bbox 594 2840 649 2872; x_wconf 82' lang='grc'>66.</span> <span class='ocrx_word' id='word_1_360' title='bbox 700 2837 752 2872; x_wconf 86' lang='lat' dir='ltr'>Cf.</span> <span class='ocrx_word' id='word_1_361' title='bbox 785 2837 928 2873; x_wconf 88' lang='lat' dir='ltr'>Aelian.</span> <span class='ocrx_word' id='word_1_362' title='bbox 960 2838 1005 2874; x_wconf 91' lang='lat' dir='ltr'>N.</span> <span class='ocrx_word' id='word_1_363' title='bbox 1031 2839 1073 2873; x_wconf 88' lang='lat' dir='ltr'>A.</span> <span class='ocrx_word' id='word_1_364' title='bbox 1099 2838 1185 2883; x_wconf 85' lang='lat' dir='ltr'>XII,</span> <span class='ocrx_word' id='word_1_365' title='bbox 1213 2843 1273 2881; x_wconf 87' lang='grc'>10,</span> <span class='ocrx_word' id='word_1_366' title='bbox 1310 2840 1478 2884; x_wconf 74' lang='lat' dir='ltr'>Apostol.</span> <span class='ocrx_word' id='word_1_367' title='bbox 1505 2840 1570 2883; x_wconf 77' lang='lat' dir='ltr'>IX,</span> <span class='ocrx_word' id='word_1_368' title='bbox 1598 2845 1642 2875; x_wconf 76' lang='lat'>28</span> 
     </span>
     <span class='ocr_line' id='line_1_47' title="bbox 199 2898 1359 2932; baseline 0.007 -8"><span class='ocrx_word' id='word_1_369' title='bbox 199 2898 346 2925; x_wconf 68' lang='lat' dir='ltr'>Analecta</span> <span class='ocrx_word' id='word_1_370' title='bbox 364 2900 416 2925; x_wconf 80' lang='lat' dir='ltr'>Pla</span> <span class='ocrx_word' id='word_1_371' title='bbox 420 2902 459 2926; x_wconf 77' lang='lat' dir='ltr'>u.t</span> <span class='ocrx_word' id='word_1_372' title='bbox 1340 2902 1359 2932; x_wconf 79' lang='lat'>2</span> 
     </span>
    </p>
   </div>
  </div>
 </body>
</html>
