1904 3106
890 61 1186 102 -20-

275 163 558 206 Menandrum
599 180 779 220 puerum
820 168 1043 220 praeterea
1084 167 1312 209 adduxisse
1350 168 1475 210 miles
1506 168 1692 223 videtur,
1735 169 1805 212 cui

274 236 452 277 Plautus
477 250 570 277 rem
597 250 863 292 exaggerans
890 237 995 279 duas
1022 237 1203 279 ancillas
1230 238 1456 280 substituit
1484 238 1542 296 II,
1560 240 1601 295 6,
1619 240 1676 282 49
1697 254 1805 296 sqq.2
1862 268 1865 270 ψ

423 363 432 371 .
453 330 610 372 adduxi
643 332 823 374 ancillas
855 331 944 374 tibi
976 347 1097 374 eccas
1130 347 1181 374 ex
1213 331 1338 388 Syria
1371 332 1490 376 duas.

334 392 376 443 ss
409 405 452 443 te
485 402 609 444 dono.
643 403 823 455 [adduce
857 403 940 444 hoc
971 405 1019 445 tu
1050 404 1169 455 istas.
1202 404 1275 445 sed
1307 404 1417 446 istae
1448 405 1626 460 reginae
1657 405 1774 447 domi

337 468 449 514 Suae
481 473 599 514 fuere
633 474 797 529 ambae,
830 476 979 516 verum
1005 490 1150 516 earum
1177 475 1366 529 patriam
1392 489 1472 531 ego
1499 475 1642 518 excidi
1662 490 1804 519 manu.

333 533 376 585 ss
410 547 451 585 te
485 544 628 597 don0.]
692 544 805 587 Phr.
836 545 1091 587 Poenitetne
1123 547 1167 587 te
1198 548 1301 600 quot
1334 546 1516 588 ancillas
1549 547 1662 589 alam

334 614 470 665 Quinc
496 630 675 658 examen
688 614 743 673 4¹)
771 617 1101 672 superadducas,
1127 619 1237 672 quae
1263 617 1371 659 mihi
1396 617 1612 660 comedint
1631 619 1805 662 cibum?

273 709 425 765 Itaque
457 725 583 752 versu
615 711 692 753 illo
708 709 762 768 42)
808 711 921 767 apud
958 711 1243 754 Menandrum
1284 712 1424 754 amica
1460 712 1671 756 donorum
1710 714 1804 772 vili-

273 784 409 823 tatem
461 783 705 838 exagitasse
755 783 927 825 videtur
982 797 1213 839 eorumque
1270 783 1524 826 memoriam
1578 770 1804 828 revocasse

274 853 422 908 militi,
469 854 543 895 ubi
575 854 619 895 in
652 856 844 896 extrema
875 853 1049 896 fabulae
1080 857 1203 910 parte
1236 857 1431 896 amantes
1463 855 1588 897 donis
1619 857 1806 898 muneri-

272 924 438 980 busque
471 939 663 967 amorem
694 926 878 968 invicem
911 928 1099 980 captant.

393 996 666 1052 Quamquam
704 997 756 1039 de
793 998 875 1040 hoc
906 997 1133 1039 Menandri
1170 997 1266 1040 loco
1304 997 1508 1040 iudicium
1539 997 1675 1040 animi
1704 1012 1805 1053 pen-

276 1067 409 1122 debit,
439 1068 525 1110 nisi
559 1069 656 1111 aliis
687 1069 927 1111 rationibus
954 1068 1263 1110 Truculentum
1293 1083 1390 1110 cum
1422 1067 1623 1124 Sicyonio
1655 1068 1803 1112 cohae-

273 1152 367 1180 rere
411 1139 653 1194 approbare
696 1140 823 1182 nobis
868 1140 1104 1195 contingat.
1186 1138 1326 1189 Quare
1370 1139 1674 1196 gravissimum
1717 1139 1804 1182 iam
1856 1151 1858 1153 ’

273 1314 381 1350 affert
414 1315 684 1361 Stratophanes
716 1315 776 1360 (cf.
803 1316 1036 1361 Antiphanes
1064 1315 1181 1361 [Com.
1209 1315 1270 1350 Gr.
1296 1316 1323 1351 t.
1349 1315 1419 1362 III]
1447 1318 1508 1360 18,
1534 1319 1573 1351 2:
1612 1316 1731 1360 μέλλει
1763 1316 1804 1351 δὲ

272 1374 412 1410 (υνθείε
449 1386 502 1410 coi
540 1375 667 1419 φέρειν
705 1376 759 1410 Τὰ
797 1376 1050 1419 κινναμώμινα
1086 1378 1205 1410 ταῦτα
1242 1376 1301 1409 καὶ
1338 1375 1385 1409 τὰ
1421 1375 1588 1421 νάρδινα)
1625 1375 1734 1412 Truc.
1758 1375 1804 1420 11,

273 1437 311 1478 6,
339 1437 402 1469 58:

321 1496 370 1539 Et
394 1504 469 1539 iam
491 1505 603 1547 ,nihili
629 1505 762 1550 pendit
785 1517 988 1551 purpuram
1015 1506 1052 1550 (i.
1079 1504 1293 1551 χλανίδιον).
1344 1506 1471 1540 eccum
1497 1516 1542 1540 ex
1567 1504 1706 1540 Arabia
1730 1504 1802 1540 tibi

320 1559 452 1600 Adtuli
476 1566 553 1608 tus,
580 1565 699 1600 Ponto
726 1577 931 1601 amomum:
957 1566 1043 1600 tene
1068 1564 1139 1600 tibi
1163 1564 1338 1609 voluptas
1362 1575 1458 1600 mea.

275 1634 335 1670 Sic
368 1636 466 1670 enim
500 1636 650 1682 egregie
681 1638 766 1682 post
792 1637 962 1672 Muelleri
987 1636 1292 1681 Fleckeisenique
1325 1637 1480 1671 conatus
1506 1635 1753 1670 Buechelerus
1777 1634 1803 1670 1.

271 1707 298 1729 s.
327 1706 354 1728 s.
380 1706 415 1739 p.
444 1699 512 1729 572
544 1695 617 1730 loci
653 1697 879 1731 sententiam
910 1695 1093 1739 restituit,
1130 1706 1250 1740 neque
1282 1695 1394 1730 metri
1424 1695 1550 1740 gratia
1582 1695 1643 1730 ‘ex
1666 1693 1804 1729 Arabia

273 1755 401 1789 eccum
432 1754 524 1789 tibi’
559 1755 675 1790 verba
707 1756 926 1791 collocanda
952 1766 1028 1790 esse
1053 1755 1286 1800 Brugmanus
1310 1754 1335 1790 l.
1362 1766 1389 1790 s.
1417 1766 1443 1789 ε.
1470 1766 1506 1799 p.
1533 1758 1576 1789 21
1603 1752 1803 1799 persuasit3

275 1814 339 1848 sed
371 1814 418 1848 ob
451 1814 619 1849 codicum
645 1815 805 1860 vestigia
830 1815 953 1850 nescio
980 1826 1028 1849 an
1053 1825 1120 1859 pro
1144 1814 1256 1848 nihili
1280 1814 1328 1848 ab
1353 1812 1464 1848 Valla
1486 1812 1639 1847 inducto
1663 1813 1805 1847 nummi
1848 1823 1849 1826 ¹

272 1874 439 1918 praestet
458 1874 559 1917 (num
579 1874 670 1908 mali
688 1874 791 1918 libri;
816 1874 997 1908 nummuli
1016 1884 1088 1907 non
1108 1872 1227 1917 licet);
1255 1872 1354 1917 quod
1374 1871 1443 1907 etsi
1462 1872 1557 1908 alias
1576 1882 1650 1906 non
1668 1871 1802 1913 exstat,

272 1934 399 1967 tamen
426 1931 556 1976 quidni
581 1943 699 1977 aeque
724 1944 767 1967 ac
796 1933 916 1968 ‘flocci
941 1932 1117 1977 pendere’
1146 1931 1221 1966 dici
1245 1931 1411 1976 potuerit
1437 1930 1595 1966 ‘nummi
1619 1930 1798 1976 pendere’

274 2003 347 2026 non
372 1991 499 2035 video,
531 2004 615 2026 cum
642 1991 843 2026 ‘nummus’
873 1991 1088 2036 saepissime
1114 1990 1298 2036 significet
1322 1990 1528 2026 minumum
1553 1989 1713 2036 pretium
1740 1989 1800 2034 (cf.

274 2051 369 2085 Brix.
397 2051 444 2085 ad
471 2051 571 2086 Trin.
606 2063 640 2087 v.
667 2055 762 2095 844).
815 2050 962 2086 ‘Addit’
1003 2052 1128 2086 autem
1165 2051 1251 2095 post
1286 2049 1447 2095 ‘pendit'
1486 2049 1665 2084 traditum
1704 2048 1804 2093 quod

272 2110 533 2146 Fleckeisenus
558 2110 789 2156 vituperavit
812 2110 851 2144 in
876 2110 1199 2146 emendationibus
1217 2110 1429 2155 neglectum
1449 2120 1528 2144 esse
1552 2108 1578 2143 l.
1592 2120 1619 2143 s.
1634 2120 1661 2143 s.
1681 2110 1708 2143 t.
1721 2107 1803 2144 CHI

272 2183 308 2216 p.
323 2173 392 2205 813
418 2170 528 2205 facile
555 2169 643 2205 oriri
669 2170 818 2215 poterat
844 2180 887 2204 ex
913 2169 1170 2214 dittographia
1196 2168 1364 2213 syllabae
1390 2167 1801 2213 (PE)NDIT:ADDIT.

366 2231 424 2273 41)
457 2233 542 2274 quot
573 2230 729 2264 ancillas
760 2229 859 2263 alam
891 2228 1090 2273 Spengelio
1122 2228 1294 2271 debetur,
1329 2229 1438 2272 quine
1462 2238 1612 2262 examen
1635 2225 1802 2272 Hauptio

270 2289 395 2325 Herm.
422 2290 448 2323 t.
464 2288 515 2322 ΙΙΙ
541 2300 575 2333 p.
592 2292 672 2333 229,
698 2299 820 2322 verum
845 2299 971 2322 earum
996 2287 1174 2322 Muellero
1200 2299 1235 2331 p.
1263 2292 1332 2322 Boo
1359 2298 1443 2321 cum
1469 2284 1648 2331 Seyfferto
1666 2284 1800 2322 Philol.

270 2350 299 2384 t.
324 2348 445 2383 XXIX
471 2360 506 2392 p.
533 2351 613 2383 411.
665 2347 790 2382 Verba
814 2347 939 2381 autem
965 2347 997 2381 is
1022 2349 1055 2380 te
1079 2346 1174 2381 dono
1200 2347 1238 2380 et
1262 2345 1401 2380 adduce
1426 2348 1467 2380 tu
1490 2345 1581 2380 istas
1606 2343 1667 2388 (cf.
1686 2356 1721 2379 v.
1742 2344 1802 2387 60)

272 2420 356 2442 cum
387 2407 615 2452 ineptissime
647 2406 768 2451 repeti
798 2406 982 2441 Usenerus
1013 2405 1242 2451 perspexerit
1271 2405 1365 2441 Ann.
1391 2404 1484 2450 phil.
1509 2405 1536 2441 t.
1564 2403 1645 2440 CIII
1668 2415 1705 2450 p.
1731 2406 1802 2438 814

272 2467 325 2502 eis
351 2478 425 2502 non
449 2468 528 2501 tam
554 2467 728 2501 lacunam
754 2465 887 2500 misere
913 2464 1101 2509 expletam
1125 2474 1204 2499 esse
1231 2475 1314 2498 cum
1338 2463 1405 2498 illo
1431 2462 1663 2507 crediderim,
1687 2473 1801 2507 quam

271 2527 386 2562 verba
415 2526 478 2561 sed
507 2526 598 2560 istae
631 2525 779 2569 reyinae
809 2525 908 2559 domi
931 2545 975 2549 —
1003 2524 1123 2558 eaecidi
1146 2534 1260 2558 manu
1284 2522 1340 2558 ita
1364 2522 1515 2558 aliunde
1540 2521 1685 2558 adscita
1709 2532 1800 2565 esse,

272 2588 315 2621 ut
339 2585 539 2631 repetitum
566 2583 661 2618 illud
685 2585 718 2618 is
743 2587 776 2618 te
800 2584 894 2618 dono
920 2581 1219 2627 interpolationis
1245 2582 1428 2616 ambitum
1453 2581 1602 2616 indicet.

367 2647 427 2689 42)
459 2644 583 2679 Etiam
614 2643 707 2678 illud
740 2642 945 2678 notandum
977 2643 1032 2676 cst
1063 2641 1315 2686 septenarium
1347 2653 1391 2676 ex
1423 2651 1560 2686 graeca
1588 2639 1716 2675 fabula
1747 2639 1801 2674 sic

272 2705 319 2739 ad
356 2714 527 2739 scaenam
562 2702 690 2738 referri
725 2713 747 2736 a
781 2702 915 2736 Plauto
948 2700 1039 2735 item
1071 2700 1291 2745 septenariis
1323 2699 1581 2745 conscriptam.
1629 2698 1799 2734 Naberus

272 2763 370 2798 enim
395 2765 545 2808 praeter
570 2762 831 2797 necessitatem
858 2771 923 2805 per
947 2760 1068 2794 Λιτόν
1095 2759 1278 2794 senarium
1306 2759 1448 2794 indicat
1472 2759 1602 2793 contra
1623 2755 1800 2792 Meinekii

272 2821 567 2866 descriptionem.
