1904 3106
518 185 678 229 Audire
711 202 857 230 vocem
891 186 984 230 visa
1017 203 1109 230 sum
1143 191 1242 231 ante
1275 188 1391 231 aedis
1424 188 1550 232 modo

302 295 347 334 et
377 292 566 336 Terentii
599 294 708 337 Eun.
741 294 807 336 III
840 296 878 349 2,
916 296 958 337 1:

519 400 679 444 Audire
712 417 859 445 vocem
891 401 983 446 visa
1015 418 1110 445 sum
1142 402 1269 445 modo
1303 403 1471 446 militis.

302 508 484 550 Prorsus
523 512 668 552 autem
706 510 938 565 gemellum
978 525 1028 552 ex
1067 509 1287 553 Ciceronis
1325 511 1427 553 libri
1464 511 1515 553 de
1554 512 1677 555 amic.
1708 528 1742 557 c.
1778 515 1831 556 12

302 580 542 623 attulerunt
574 581 886 637 lexicographi:
946 582 1088 624 Videre
1127 583 1213 624 iam
1252 583 1390 625 videor
1420 583 1623 636 populum
1661 600 1694 627 e.
1726 600 1766 641 q.
1798 601 1830 628 s.

302 649 395 699 Quo
429 652 558 694 simul
584 652 694 695 illud
721 653 896 696 dubium
922 655 984 708 fit,
1009 653 1123 709 quod
1148 653 1194 695 in
1220 654 1337 696 exitu
1363 668 1512 696 versus
1539 655 1828 699 antecedentis

300 722 360 763 ita
390 722 434 764 in
466 726 513 764 ut
541 726 829 779 mutaverunt,
862 740 958 767 cum
984 725 1238 780 praesertim
1266 723 1330 766 ‘ut
1356 725 1523 767 voltum
1547 727 1667 768 tuom
1694 726 1830 782 video,

302 792 474 836 v'ideris’
514 809 548 836 e.
581 811 618 850 q.
652 811 682 838 s.
722 796 1000 852 singulariter
1038 796 1154 839 dicta
1192 811 1284 838 esse
1322 810 1449 838 nemo
1488 796 1547 838 sit
1582 799 1829 853 negaturus.

301 863 422 906 Unde
461 865 506 907 ni
544 866 675 909 fallor
710 882 797 909 non
836 867 928 909 sine
968 867 1279 922 probabilitate
1311 866 1532 923 colligitur
1563 867 1829 912 intercidisse

302 936 572 993 versiculum,
605 953 687 994 quo
721 941 890 981 servato
924 941 967 980 et
998 939 1058 980 ita
1089 938 1196 980 illud
1229 941 1272 981 et
1302 939 1439 981 videor
1455 939 1590 981 videre
1619 938 1829 983 haberent

303 1022 386 1061 quo
420 1010 519 1063 apte
550 1009 823 1052 referrentur.

418 1115 628 1158 Maiorem
668 1117 774 1159 mihi
812 1117 960 1160 videor
999 1118 1197 1160 lacunam
1235 1117 1447 1159 detexisse
1488 1117 1534 1159 in
1571 1116 1828 1161 Curculione

299 1185 467 1241 fabula,
499 1188 619 1230 cuius
652 1204 690 1230 v.
722 1189 807 1231 236
829 1203 920 1244 sqq.
952 1189 1015 1231 ita
1047 1188 1181 1231 edidit
1210 1188 1532 1231 Fleckeisenus:

514 1293 596 1337 Sed
627 1294 727 1351 qu1'd
759 1295 914 1338 tibist?
976 1295 1062 1338 CA.
1095 1295 1199 1338 Lien
1233 1297 1399 1351 enecat,
1431 1298 1555 1339 renes
1588 1295 1746 1350 dolent,

512 1365 743 1409 Pulmones
776 1366 1087 1421 distrahuntur,
1118 1366 1332 1409 cruciatur
1362 1366 1492 1422 iecur,

513 1437 697 1480 Radices
732 1438 870 1480 cordis
903 1439 1101 1493 pereunt,
1131 1436 1251 1480 hirae
1284 1436 1424 1480 omnis
1457 1438 1614 1481 dolent.

362 1507 447 1550 PA.
510 1508 620 1551 Tum
652 1512 695 1551 te
727 1509 863 1565 igitur
894 1509 1070 1551 morbus
1105 1509 1246 1564 agitat
1276 1508 1556 1564 hepatiarius.

359 1577 446 1621 CA.
507 1579 617 1622 Lien
650 1579 892 1622 dierectust.
926 1579 1012 1622 PA.
1032 1568 1240 1622 Ambula:
1265 1580 1308 1622 id
1328 1579 1432 1622 lieni
1452 1581 1732 1635 optumumst.
1758 1590 1827 1622 240

360 1647 447 1692 CA.
509 1650 694 1692 Facilest
725 1650 928 1693 miserum
960 1651 1156 1693 inridere.
1213 1650 1300 1692 PA.
1335 1649 1447 1700 Quin
1473 1653 1520 1693 tu
1547 1651 1711 1706 aliquot
1735 1651 1824 1693 dies

513 1722 722 1775 Perdura,
754 1722 856 1763 dum
890 1721 1096 1764 intestina
1127 1724 1414 1776 exputescunt
1443 1721 1525 1764 tibi

512 1791 637 1836 Nunc
670 1793 771 1835 dum
804 1793 970 1835 salsura
1003 1794 1072 1835 sat
1103 1794 1269 1835 bonast.
1309 1793 1345 1834 si
1376 1793 1419 1835 id
1449 1793 1614 1848 feceris,

514 1863 673 1906 Venire
705 1864 869 1918 poteris
901 1863 1119 1906 intestinis
1153 1862 1298 1905 vilius.

359 1934 446 1977 CA.
508 1935 643 1977 Aufer
668 1949 827 1990 quaeso
853 1934 939 1976 ista
966 1936 1093 1989 atque
1113 1934 1196 1975 h6c
1214 1934 1423 1989 responde
1444 1934 1558 1990 quod
1576 1949 1684 1992 rogo
1705 1950 1826 1992 e.q.s.

299 2041 487 2084 Versum
519 2043 606 2084 240
643 2042 741 2083 libri
779 2044 878 2096 post
909 2041 995 2082 244
1027 2040 1249 2095 exhibent3
1294 2041 1561 2103 transposuit
1591 2021 1824 2085 Acidalius.

302 2113 367 2155 Ad
407 2129 443 2155 v.
488 2113 573 2154 239
620 2112 843 2154 adnotavit
887 2111 1123 2154 Lambinus
1173 2110 1296 2152 haec:
1347 2109 1532 2154 ‘morbus
1577 2112 1825 2166 hepatadus,
1902 2163 1904 2166 ¹

300 2184 381 2226 hoc
421 2187 487 2226 est
524 2184 700 2226 morbus
741 2182 913 2237 hepatis
953 2197 1027 2223 seu
1065 2182 1238 2235 iecoris,
1280 2182 1427 2235 aqitat,
1470 2181 1553 2224 hoc
1590 2185 1656 2225 est
1687 2185 1824 2226 vexat.
1899 2218 1904 2242 ἃ

300 2255 381 2298 Sed
420 2255 491 2297 hic
528 2255 669 2297 iocum
709 2254 895 2308 aliquem
935 2253 1109 2294 subesse
1147 2255 1270 2306 puto,
1313 2251 1440 2306 idque
1472 2252 1652 2295 coniicio
1685 2269 1735 2295 ex
1766 2254 1823 2296 le·
1899 2274 1904 2308 ¹.

299 2325 424 2368 nonis
457 2325 749 2380 responsione.
803 2324 917 2366 Nam
955 2324 991 2365 si
1029 2323 1149 2364 nulla
1181 2323 1266 2364 alia
1297 2323 1451 2365 horum
1477 2324 1704 2366 verborum
1730 2339 1824 2366 sen-

299 2396 436 2439 tentia
468 2399 582 2438 esset
614 2411 742 2451 quam
774 2396 897 2437 haec:
941 2398 988 2436 tu
1020 2395 1154 2449 igitur
1186 2395 1337 2437 morbo
1370 2394 1520 2436 iecoris
1553 2395 1732 2437 affectus
1764 2410 1822 2449 eS,

298 2481 385 2509 non
416 2466 697 2520 responderet
728 2467 843 2509 leno:
873 2467 1045 2519 faeile'st
1074 2466 1267 2525 miserum
1297 2465 1486 2507 inridere.
1560 2465 1678 2515 Quae
1709 2465 1823 2507 enim
1890 2455 1891 2458 Ἴ

299 2537 442 2580 irrisio
470 2540 536 2579 est
561 2539 605 2580 in
631 2552 680 2579 eo
709 2537 822 2592 quod
848 2537 963 2579 dieat
992 2537 1167 2591 aliquis,
1199 2536 1440 2591 quempiam
1467 2535 1637 2590 hepatis
1670 2536 1821 2578 morbo

299 2606 511 2650 tentari?'
573 2607 773 2650 Lambini
812 2608 998 2663 vestigia
1036 2606 1228 2661 plerique
1267 2606 1401 2648 secuti
1441 2609 1542 2648 sunt
1572 2605 1690 2648 velut
1719 2606 1821 2649 For·
1888 2635 1891 2638 »

301 2678 509 2732 cellinius⁷
540 2679 612 2733 qui
639 2678 683 2720 in
709 2678 843 2719 lexico
876 2678 980 2720 haec
1008 2679 1141 2720 verba
1163 2678 1227 2720 ita
1252 2678 1480 2733 intellegit,
1511 2679 1559 2719 ut
1584 2676 1719 2732 hepar
1743 2691 1821 2732 pro

301 2749 399 2792 sede
437 2749 627 2791 libidinis
667 2749 725 2791 sit
756 2749 958 2804 positum.
1021 2747 1182 2790 Contra
1215 2748 1434 2790 Acidalius
1467 2763 1563 2790 cum
1594 2750 1824 2802 cognosset
1882 2756 1886 2765 ·“

302 2836 338 2863 v.
371 2820 456 2862 245
500 2820 661 2875 optime
700 2819 925 2864 cohaerere
958 2833 1053 2862 cum
1085 2834 1121 2861 v.
1155 2819 1257 2874 ⁶244,
1300 2817 1620 2876 transponenda
1651 2817 1822 2874 putavit
