1904 3106
853 67 1142 109 -28-

231 169 312 211 Sed
358 170 675 213 concedendum
717 174 783 213 est
827 173 935 214 tales
981 187 1123 214 rerum
1167 173 1438 216 condiciones
1478 173 1532 215 ad
1571 188 1677 229 quas
1715 173 1762 216 hi

231 243 428 294 spectant
456 256 601 283 versus
629 242 761 284 etiam
788 243 831 284 in
857 243 955 285 aliis
976 243 1198 285 Menandri
1217 243 1379 286 fabulis
1400 244 1595 299 potuisse
1615 246 1760 288 locum

232 311 404 354 habere.

350 384 501 438 Neque
526 385 604 427 illa
630 386 871 428 sententiae
898 386 1137 429 similitudo
1165 387 1271 429 satis
1299 401 1458 444 magna
1488 390 1556 430 est
1587 388 1641 430 ad
1670 403 1763 444 per-

235 455 518 510 suadendum,
551 471 659 511 quae
692 457 916 499 intercedit
947 457 1059 499 inter
1090 457 1381 513 fragmentum
1413 458 1632 501 LXXXII:

441 551 503 593 Οὐ
535 551 616 602 γὰρ
648 551 698 592 τὸ
731 554 911 604 πλῆθος,
946 552 998 594 ἂν
1031 557 1163 608 (κοπῇ
1196 567 1273 604 τις,
1306 556 1384 595 τοῦ
1416 553 1553 596 πότου

439 626 554 664 ποιεῖ
586 626 820 675 παροινεῖν,
853 627 930 665 τοῦ
963 623 1137 666 πιόντος
1169 623 1206 666 δ’
1229 625 1255 676 ἡ
1288 625 1411 677 φύει(

232 720 275 759 et
304 696 554 759 Truculenti
588 733 734 760 versus
767 718 843 773 IV,
876 720 915 773 3,
948 719 1002 761 57
1026 734 1134 775 sqq:

290 812 391 854 Non
421 812 568 854 vinum
600 812 848 855 hominibus
882 814 1095 856 moderari
1128 814 1201 856 sed
1240 814 1438 857 homines
1470 815 1570 858 vino
1604 815 1759 870 solent,

292 883 377 934 Qus
414 884 587 939 quidem
627 883 757 939 probi
795 888 912 927 sunt:
957 901 1105 927 verum
1147 886 1220 941 qui
1260 885 1509 942 inprobust,
1554 887 1590 929 si
1630 888 1760 929 urnas

1088 957 1212 1012 bibit,

292 1027 390 1070 Sive
423 1028 529 1070 adeo
562 1029 678 1070 care't
709 1031 889 1083 temeto,
921 1029 1069 1070 tamen
1102 1029 1156 1070 ab
1187 1028 1365 1084 ingenio
1396 1027 1636 1084 inprobust.

231 1123 368 1173 Quem
406 1125 549 1166 locum
588 1126 636 1166 ut
674 1139 764 1166 non
803 1123 894 1166 sine
933 1123 1080 1179 aliqua
1116 1123 1308 1166 utilitate
1346 1123 1556 1166 excitasse
1602 1125 1761 1180 videar,

231 1195 362 1237 liceat
401 1195 453 1237 de
495 1196 585 1239 eius
628 1196 929 1238 emendatione
969 1195 1118 1250 paucis
1161 1195 1380 1237 disserere.
1441 1195 1508 1237 Ex
1541 1195 1762 1252 Spengelii

233 1266 346 1308 enim
391 1267 580 1310 editione
625 1268 817 1323 exhibui,
861 1268 938 1323 qui
974 1268 1012 1309 si
1049 1281 1180 1309 urnas
1217 1266 1268 1308 de
1307 1281 1384 1308 suo
1422 1266 1571 1309 intulit
1606 1282 1686 1322 pro
1723 1269 1763 1311 si

230 1352 355 1391 quam
391 1340 445 1390 si,
487 1339 722 1382 hominibus
762 1341 907 1380 autem
948 1340 991 1380 et
1030 1338 1214 1380 homines
1253 1337 1300 1379 in
1340 1337 1556 1379 codicibus
1598 1339 1762 1381 omissa

232 1425 327 1451 cum
360 1409 608 1454 Camerario
639 1410 886 1466 Bothioque
926 1410 1154 1464 supplevit.
1217 1407 1299 1451 Sed
1334 1409 1374 1451 si
1401 1422 1534 1451 urnas
1563 1409 1664 1451 bibit
1692 1424 1760 1452 eo-

232 1480 328 1522 dem
359 1482 533 1524 nomine
569 1481 903 1537 improbandum
942 1483 1026 1535 est,
1071 1495 1154 1536 quo
1187 1479 1374 1522 Acidalii
1404 1479 1513 1521 illud
1544 1494 1570 1521 a
1599 1479 1760 1524 Bothio

232 1555 451 1607 receptum
496 1577 546 1583 -
586 1553 652 1595 cui
691 1552 776 1607 ipsi
816 1552 930 1595 falso
973 1551 1172 1594 attribuit
1208 1550 1401 1593 Kochius
1438 1550 1552 1592 Ann.
1587 1550 1694 1606 phil.
1730 1554 1761 1594 t.

233 1622 353 1665 GVH
385 1638 425 1678 p.
445 1625 533 1666 420
555 1650 605 1654 —
629 1626 666 1667 si
696 1637 850 1678 aquam
881 1623 980 1665 bibit
1009 1622 1104 1665 Sive
1133 1623 1232 1665 adeo
1262 1625 1387 1665 scatet
1417 1624 1572 1664 temeto:
1603 1635 1760 1677 nempe

231 1695 330 1736 adeo
380 1695 639 1749 particulam
691 1710 775 1750 quo
819 1694 970 1736 tendat
1014 1693 1075 1735 sic
1124 1708 1211 1755 non
1260 1693 1411 1748 habet3
1473 1691 1671 1747 idemque
1714 1692 1760 1735 in

232 1765 487 1822 Kiesslingii
527 1766 817 1809 coniecturam
857 1765 972 1807 cadit
1004 1765 1030 1807 l.
1064 1781 1095 1807 s,
1128 1781 1159 1807 s.
1190 1781 1231 1820 p.
1264 1765 1350 1807 640
1387 1764 1456 1806 vel
1494 1778 1520 1805 a
1557 1762 1761 1818 prosodia

233 1839 477 1892 suspectam
515 1838 588 1891 qui
624 1837 807 1890 iprobust
842 1850 990 1890 cupam
1026 1837 1067 1878 si
1101 1836 1208 1878 bibit.
1275 1833 1451 1876 Nemini
1490 1822 1591 1876 vero
1630 1833 1757 1876 satis-

232 1909 446 1951 facturum
480 1923 572 1950 esse
606 1908 771 1950 confido
803 1922 940 1962 neque
973 1907 1085 1962 quod
1116 1906 1350 1948 Muellerus
1382 1904 1610 1961 proposuit
1639 1905 1668 1947 1.
1681 1920 1714 1947 s.
1728 1919 1761 1947 s.

232 1994 272 2033 p.
305 1980 391 2020 344
428 1980 466 2021 si
502 1983 560 2022 est
595 1980 702 2032 quod
739 1979 850 2020 bibat
879 1993 1018 2033 neque
1050 1978 1163 2034 quod
1195 1977 1387 2020 Kochius
1419 1975 1559 2019 voluit
1589 1976 1637 2019 si.
1655 1989 1760 2018 com-

232 2050 333 2092 bibit
363 2050 468 2091 satis
501 2052 729 2105 utrumque
759 2050 950 2092 ieiunum
981 2049 1293 2104 infirmumque.
1341 2047 1437 2090 Iam
1467 2061 1567 2090 vero
1600 2061 1651 2088 ex
1680 2046 1762 2089 sive

236 2122 334 2163 adeo
366 2121 591 2175 particulis
630 2122 743 2176 quod
775 2136 852 2176 pro
884 2122 922 2164 si
952 2135 1078 2174 quam
1107 2122 1146 2162 si
1175 2119 1335 2175 requiri
1365 2118 1551 2160 vidimus
1583 2119 1632 2159 ut
1662 2131 1761 2160 con-

233 2187 477 2247 sequamur,
509 2192 648 2234 deleto
681 2192 824 2246 priore
855 2193 892 2234 si
923 2192 1036 2233 male
1067 2191 1254 2246 repetito
1286 2190 1355 2232 vel
1386 2204 1438 2231 ex
1462 2179 1761 2244 dittographia

233 2264 330 2318 (e)st
373 2263 549 2305 voculae
595 2266 690 2305 orto
734 2263 884 2318 procul
928 2262 1059 2305 dubio
1104 2261 1377 2304 scribendum
1423 2262 1490 2302 est
1526 2263 1688 2314 yuttam
1722 2260 1761 2302 si

233 2335 349 2386 bibit,
379 2335 462 2377 sive
493 2336 591 2377 adeo
623 2338 732 2376 caret
762 2337 899 2376 temeto
931 2333 1000 2389 (ef.
1034 2332 1129 2375 Cas.
1160 2332 1221 2387 II,
1253 2333 1298 2386 3,
1330 2329 1406 2387 31)
1439 2331 1587 2373 eadem
1619 2345 1760 2372 corru-

232 2407 365 2462 ptela,
396 2421 480 2461 qua
511 2406 573 2459 II,
605 2406 651 2459 2,
684 2406 740 2447 54
774 2420 824 2447 ex
857 2403 994 2446 ‘uttu'
1027 2402 1107 2460 (A)
1137 2403 1300 2445 factum
1333 2405 1398 2444 est
1427 2402 1588 2457 (smum
1618 2399 1711 2457 (ubi
1742 2415 1764 2443 8

234 2477 414 2519 accessit
452 2492 502 2517 ex
533 2476 814 2531 praecedente
844 2474 1086 2530 violentus).
1154 2474 1287 2516 Porro
1327 2475 1370 2515 et
1406 2475 1546 2515 metro
1585 2474 1762 2528 cogente

236 2548 538 2590 etverborum
572 2546 856 2588 collocatione
889 2544 1215 2587 commendante
1246 2559 1324 2599 pro
1355 2558 1495 2586 verum
1518 2544 1590 2597 qui
1613 2543 1762 2597 impro-

235 2620 325 2662 bust
355 2633 613 2673 reponemus
651 2631 791 2659 verum
829 2617 1037 2670 improbus
1074 2617 1184 2669 quisi
1213 2615 1404 2670 itemque
1417 2613 1469 2670 54)
1501 2629 1588 2656 non
1619 2613 1760 2656 solum

331 2762 392 2804 54)
418 2760 498 2795 Hae
526 2759 676 2804 quidem
702 2756 928 2792 mutationes
954 2767 1066 2800 quam
1093 2767 1138 2791 ex
1162 2755 1378 2801 vulgaribus
1403 2753 1639 2790 librariorum
1663 2763 1759 2788 erto-

235 2819 335 2853 ribus
362 2830 479 2864 paene
506 2818 629 2853 nullae
656 2817 741 2861 sint,
767 2815 828 2851 vix
853 2815 1076 2850 monendum
1103 2815 1168 2850 est.
