1904 3106
671 158 731 164 -
795 133 878 176 153
924 132 996 162 ⁷—

68 242 252 285 alterum
272 244 573 298 argumentum
593 240 836 296 composuit
854 239 1014 295 legisse
1033 238 1223 280 videtur:
1249 237 1300 279 cf.
1321 252 1359 279 v,
1379 237 1419 278 4.
1462 235 1515 278 V.
1534 235 1594 278 55

70 312 208 356 scribe
237 326 288 356 oa
315 325 473 367 caussa,
504 326 603 354 011111
626 304 907 353 Ambrosiani'
935 324 976 364 p.
1002 310 1089 352 345
1114 309 1168 351 ab
1195 308 1263 350 his
1295 307 1456 350 litteris
1488 307 1594 349 inci-

67 382 181 438 piat:
208 379 474 438 EAGAUSS
618 414 628 423 .
1649 442 1655 446 ι

185 452 239 496 V.
258 453 317 496 60
346 453 479 508 spatii
508 454 677 495 ratione
706 451 859 494 habita
883 450 1110 506 probabile
1136 454 1203 492 est
1227 464 1437 505 personae
1463 449 1595 504 signi·

67 523 268 568 ficatione
308 524 639 580 palimpsestum
676 523 875 566 caruisse.
934 521 987 562 In
1023 521 1221 576 proximo
1259 535 1430 576 quoque
1470 535 1595 562 versu

67 594 281 638 Palatinis
310 597 523 650 praestat,
554 590 1275 652 AUXILIssssSlNEPELLEGAM
1306 592 1525 634 exhibens.

183 665 303 709 Inter
338 679 378 708 v.
415 665 473 708 66
510 668 554 708 et
590 665 645 708 67
686 679 846 707 novum
890 677 1015 718 quem
1052 662 1236 717 praebet
1278 662 1593 705 Ambrosianus

66 750 242 779 versum
272 734 589 803 Studemundus
619 735 805 778 Hermae
836 733 858 775 Ι
887 749 927 789 p.
959 733 1045 775 296
1078 748 1140 788 sq.
1172 733 1285 774 eruit
1314 732 1467 775 talem:

207 851 874 898 NOSTRORUMORGIORUM
930 816 976 841 ⁷⁸
994 815 1051 842 ¹¹“'
1157 814 1451 894 motus-²-L

71 935 275 992 Suspicor
309 939 454 980 autem
486 937 673 979 codicem
703 939 803 991 post
834 935 960 978 illum
995 950 1153 978 novam
1199 934 1387 977 traxisse
1431 934 1594 988 labem3

70 1021 174 1049 nam
212 1006 322 1049 mihi
358 1007 465 1050 haec
500 1010 672 1050 tantum
709 1008 1002 1062 apparuerunt
1040 1005 1126 1062 (vel
1162 1005 1307 1061 potius
1340 1006 1594 1060 apparuisse

74 1077 171 1119 visa
199 1076 335 1134 sunt):

546 1159 610 1186 fere
627 1159 645 1184 6
662 1159 721 1185 litt.
911 1162 924 1184 :³
942 1162 954 1184 1>
1012 1159 1073 1184 sere
1092 1159 1166 1185 5-61.
1474 1157 1520 1183 11.

814 1195 922 1238 ΠΜ·
933 1195 962 1239 S
1226 1193 1531 1237 UNCULA—

158 1193 201 1237 N
203 1194 517 1238 OSTRORUM

14 1282 24 1290 ’
71 1287 205 1331 Vides
245 1289 557 1344 paenultimam
598 1290 793 1332 litteram
830 1305 882 1332 ex
918 1292 1041 1345 parte
1079 1292 1195 1332 certe
1235 1290 1471 1332 etiamnum
1502 1288 1597 1344 'legi

70 1373 216 1415 posse,
261 1362 365 1415 post
407 1359 493 1403 ΠΜ
536 1364 681 1403 autem
725 1361 846 1416 sequi
883 1360 1007 1416 duas,
1054 1375 1235 1416 quarum
1278 1361 1465 1416 priorem
1509 1360 1597 1402 fere

72 1430 241 1485 explere
271 1429 308 1472 O
345 1431 415 1473 vel
445 1431 602 1474 similis
634 1431 804 1474 litterae
836 1431 1043 1486 spatium,
1081 1431 1264 1473 alteram
1296 1434 1442 1473 autem
1473 1434 1595 1486 parte

71 1500 277 1543 inferiore
310 1500 362 1544 ut
397 1500 428 1544 S
464 1502 645 1544 indicari
684 1502 933 1544 dubitanter
970 1502 1184 1544 adnotavi.
1246 1501 1407 1544 Contra
1443 1502 1465 1543 1
1497 1505 1596 1544 ante
1622 1503 1634 1509 ‘

72 1569 312 1615 UNOULA
340 1586 454 1614 nunc
485 1575 599 1614 certe
629 1572 718 1628 legi
747 1573 909 1628 nequit,
940 1587 1038 1615 cum
1070 1573 1160 1614 eius
1189 1572 1365 1614 litterae
1388 1573 1598 1627 pusillum

73 1643 229 1698 capitis
258 1643 549 1699 fragmentum
582 1643 659 1685 sub
690 1643 896 1699 vulgatae
922 1644 1137 1698 scriptura
1162 1643 1314 1685 lateat:
1344 1657 1481 1697 neque
1507 1643 1597 1686 ullo

74 1713 202 1756 modo
245 1711 465 1756 ORGIOR
506 1712 634 1770 (quae
677 1714 848 1756 litterae
893 1715 947 1756 ad
990 1714 1180 1769 spatium
1214 1728 1327 1755 sane
1367 1713 1599 1771 quadrant)

74 1781 282 1839 dispicere
316 1784 450 1839 potui.
511 1784 656 1840 Atque
689 1809 743 1814 —
774 1788 824 1827 ut
854 1785 994 1827 dicam
1025 1784 1138 1840 quod
1170 1784 1308 1826 sentio
1344 1809 1395 1814 —
1429 1785 1598 1828 dubita-

72 1853 291 1896 tiunculae
320 1854 429 1896 mihi
458 1854 668 1896 subnatae
699 1858 817 1910 sunt,
847 1871 950 1898 num
988 1856 1049 1897 sic
1080 1855 1185 1896 olim
1216 1855 1426 1910 scriptum
1456 1856 1598 1898 fuerit.

74 1923 187 1974 Quid
217 1924 363 1966 enim?
401 1939 544 1979 nonne
576 1926 614 1967 si
649 1927 1004 1993 probabilitatem
1035 1931 1203 1982 spectas
1236 1928 1326 1969 veri
1358 1927 1499 1969 simile
1531 1931 1597 1969 est

72 2008 234 2037 novum
262 2009 433 2036 versum
463 2010 509 2037 re
540 2010 641 2037 vera
671 2011 842 2039 versum
872 1998 1034 2040 fuisse?
1075 1997 1197 2047 Quod
1222 2001 1372 2041 contra
1396 2013 1602 2053 quocum<

77 2079 159 2122 que
187 2065 314 2108 modo
346 2065 544 2108 lacunam
575 2070 677 2109 ante
707 2067 985 2111 UNCULAE
1017 2069 1211 2111 hiantem
1244 2069 1493 2124 expleveris,
1527 2083 1598 2111 no-

73 2139 207 2180 strum
234 2137 442 2190 oryiorum
472 2140 523 2180 ut
553 2137 745 2193 corrigas
775 2141 960 2180 metrum
986 2140 1116 2194 cogit.
1160 2139 1299 2189 Quam
1323 2141 1537 2183 rationem
1562 2141 1600 2182 si

75 2207 233 2250 dixeris
268 2206 387 2248 nihil.
418 2207 578 2263 valere,
618 2223 715 2250 cum
746 2209 877 2251 etiam
909 2209 1222 2252 Ambrosianus
1254 2211 1507 2265 corruptelis
1538 2211 1599 2252 in·

76 2277 277 2334 quinatus
308 2278 379 2333 sit,
407 2293 496 2320 non
526 2279 745 2334 obloquar.
792 2279 854 2321 At
884 2280 993 2322 illud
1022 2295 1109 2322 non
1142 2280 1250 2322 levis
1282 2281 1490 2323 momenti
1521 2284 1598 2335 est,

0 2389 2 2411 ζ
76 2348 191 2404 quod
226 2348 341 2391 inter
378 2363 529 2392 versus
566 2352 714 2392 teneris
750 2350 905 2393 labellis
940 2351 1080 2394 mo'lles
1117 2353 1420 2394 morsiunculae
1451 2356 1494 2394 et
1517 2367 1597 2406 pa-

0 2415 5 2458 ἶῖ
73 2418 276 2472 pillarum
300 2419 609 2462 herraduldrum
630 2420 983 2474 omressiva'nctclae
1001 2426 1092 2465 tam
1111 2438 1241 2479 quam
1260 2427 1406 2479 potest
1423 2423 1600 2478 ‘specia-

0 2464 9 2493 r

0 2697 8 2756 ἱ

0 2772 22 2829 [γ

0 2831 14 2902 ξ

0 2988 21 3106 ³}

0 2505 4 2530 ,-·
76 2488 173 2531 tim'
191 2490 386 2544 prolatos
410 2506 500 2534 non
522 2495 817 2547 exspectamus
844 2492 1059 2548 egeneris',
1085 2494 1317 2549 orgiorum,
1337 2495 1598 2536 mentionem

76 2559 286 2601 iniectam.
328 2560 507 2603 Accedit
537 2562 651 2617 quod
680 2562 805 2617 orgia
834 2563 1089 2604 vocabulum
1114 2566 1214 2605 ante
1240 2562 1458 2606 Catullum
1485 2564 1598 2617 apud

78 2629 311 2683 scriptores
352 2630 570 2673 Romanos
599 2645 687 2673 non
723 2635 954 2687 comparet.
992 2633 1214 2691 ,Lorentii
1255 2636 1397 2675 autem
1441 2649 1597 2688 appen-

79 2699 185 2741 dicis
221 2699 395 2742 criticae
430 2715 472 2755 p.
509 2701 593 2743 251
632 2702 875 2744 coniectura
910 2706 1115 2745 nostrum*
1139 2705 1346 2758 drqimwn
1381 2705 1597 2758 palpitati-

78 2769 251 2811 u'noulae
291 2785 430 2825 neque
466 2785 492 2813 a
526 2771 677 2826 lingua
708 2770 935 2828 (palpitare
972 2789 1060 2816 non
1103 2778 1170 2816 est
1202 2774 1416 2829 palpare),
1459 2789 1596 2830 neque

81 2853 108 2881 a
142 2841 357 2883 sententia
386 2838 459 2897 (ad
496 2842 620 2898 orgia
646 2842 823 2897 palpare
856 2858 1127 2900 nequaquam
1158 2843 1326 2901 aptum)
1358 2848 1474 2888 stare
1504 2850 1596 2901 pot·
