1904 3106
757 89 1018 130 -7-

131 195 295 248 mattis,
335 193 450 249 quod
485 208 698 248 nusquam
729 195 952 248 praeterea
983 194 1209 249 usurpavit
1238 194 1439 249 Plautus,
1477 197 1655 250 propter

131 265 273 320 ipsam
295 264 517 308 notionem
543 262 940 330 (ssmahnunyen')
965 279 1052 306 non
1085 265 1265 319 quadret
1296 264 1350 306 ad
1382 265 1653 307 meretricem

132 335 480 390 stimulatricem‚
525 335 639 377 clare
681 334 763 376 hac
803 333 1083 377 Ambrosiani
1125 335 1459 391 interpolatione
1502 335 1653 377 confir-

131 407 275 449 matur
309 406 423 462 quod
460 406 619 448 dudum
649 420 699 448 ex
730 405 1028 448 Palatinorum
1062 407 1277 461 scriptura
1307 405 1521 448 Meursius
1554 405 1652 448 Gol-

133 476 366 532 dastusque
413 476 649 519 elicuerunt
703 476 1007 531 blandimentis,
1060 478 1355 520 oramentis:
1411 491 1520 532 quae
1569 490 1653 518 vox

110 561 392 610 ‘quamquam
429 562 482 590 ex
518 546 737 602 analogia,
777 562 866 590 11011
904 561 956 589 ex
995 547 1255 590 auctoritate
1286 547 1544 590 stabilienda
1575 550 1654 602 est,

130 617 376 660 illustratur
412 618 597 674 quodam
634 618 761 661 modo
799 619 1028 661 exorabilis
1064 619 1273 661 vocabulo
1306 633 1403 661 eum
1440 618 1654 662 blanditiis

129 687 164 743 Ι,
192 689 228 744 1,
248 689 275 732 6
300 689 546 743 coniuncto,
577 689 690 744 quod
716 690 822 731 item
848 689 959 733 ἅπαξ
986 690 1209 742 εἰρημένον
1241 689 1325 731 dici
1357 691 1519 744 potest;
1551 704 1653 731 nam

130 759 244 814 quod
286 759 402 802 idem
445 759 558 815 apud
595 760 826 815 Apuleium
870 776 951 803 usu
993 761 1130 816 venit,
1172 760 1286 802 hunc
1328 759 1469 815 ipsum
1510 760 1654 802 Plauti

132 828 275 872 locum
305 829 397 872 sine
429 829 558 872 dubio
589 830 663 872 ille
695 831 918 885 expressit.

236 898 332 942 -Sed
368 901 618 956 priusquam
650 901 737 943 alia
767 902 1006 944 communis
1038 903 1361 958 depravationis
1393 903 1653 945 communis-

131 985 213 1027 que
243 971 425 1027 originis
457 972 643 1028 vestigia
668 972 713 1014 in
738 975 920 1028 utraque
946 973 1196 1015 recensione
1222 974 1478 1028 apparentia
1508 988 1652 1028 perse-

131 1056 256 1097 quar,
286 1056 394 1097 quae
425 1043 583 1085 certius
608 1044 854 1098 opinionem
880 1044 1170 1100 Bergkianam
1195 1045 1475 1087 corroborare
1508 1045 1653 1086 viden-

130 1115 202 1156 tur
230 1113 542 1168 discrepantias
574 1129 818 1157 recenseam
859 1117 902 1157 et
938 1115 1056 1170 ipsas
1089 1130 1255 1171 quoque
1287 1116 1416 1157 aliter
1446 1115 1653 1171 explicari

131 1186 330 1238 oportere
361 1185 663 1228 demonstrem.

249 1254 313 1296 Ac
337 1269 463 1297 versu
489 1255 661 1310 quidem
685 1255 741 1307 ΙΙ,
771 1257 807 1311 1,
826 1257 883 1299 35
909 1254 967 1312 (p.
991 1255 1093 1313 133)
1118 1257 1191 1298 ubi
1216 1271 1342 1299 nemo
1367 1257 1456 1299 iam
1481 1257 1652 1298 dubitat

131 1324 236 1380 quin
259 1327 431 1380 praeter
454 1325 667 1367 rationem
689 1325 1025 1369 Ambrosianum
1045 1325 1300 1382 Spengelius
1327 1330 1499 1369 secutus
1519 1326 1653 1384 S1t15)

129 1396 307 1438 rusticus
336 1409 433 1437 cum
471 1398 622 1450 aperta
653 1397 771 1439 vocis
800 1398 973 1451 ayt-estis
1008 1397 1310 1451 interpretatio
1349 1397 1406 1439 sit
1445 1412 1495 1440 ex
1527 1413 1653 1440 versu

131 1465 187 1522 11,
204 1466 245 1521 2,
261 1467 288 1508 8
314 1466 539 1521 arcessita,
570 1466 623 1508 ad
649 1467 851 1510 librarios
876 1467 1256 1523 grammaticosve,
1285 1482 1374 1510 non
1399 1467 1452 1510 ad
1476 1468 1652 1512 histrio-

129 1550 207 1579 nes
236 1536 369 1578 talem
394 1536 634 1578 dissensum
665 1539 878 1592 pertinere
903 1538 1022 1580 vides
1047 1553 1126 1580 nec
1151 1538 1291 1593 magis
1317 1553 1652 1582 commemoran-

132 1606 234 1665 dum
264 1621 358 1648 esse
388 1622 518 1662 quam
549 1607 661 1661 quod
692 1608 753 1662 ΙΙ,
784 1609 830 1662 4,
856 1610 910 1650 27
944 1609 1042 1650 Iam
1073 1609 1250 1651 latita's?
1299 1609 1411 1651 Phr.
1451 1609 1549 1652 Iam
1577 1612 1654 1664 pol

131 1677 238 1719 mihi
265 1677 427 1730 quidem
456 1680 575 1730 atque
610 1679 736 1721 oeulis
766 1680 866 1721 meis
896 1677 956 1734 (p.
984 1677 1087 1735 138)
1123 1680 1437 1722 Ambrosianus
1475 1683 1519 1722 et
1555 1695 1652 1723 cum

133 1762 183 1790 eo
202 1746 455 1803 Spengelius
479 1749 524 1790 in
542 1748 767 1790 Phronesii
793 1750 1070 1804 responsione
1096 1750 1212 1792 lauta
1237 1751 1443 1809 supplens
1468 1752 1555 1793 iam
1578 1753 1654 1805 pol

130 1818 366 1872 particulas
398 1819 866 1861 accommodatissimas
899 1820 1080 1875 expulit,
1112 1821 1179 1862 vel
1211 1821 1326 1880 quod
1349 1820 1404 1875 H,
1422 1822 1463 1875 2,
1482 1822 1539 1864 23
1556 1836 1651 1875 per-

123 1892 256 1943 petem
275 1892 424 1931 totam
438 1888 477 1930 A
489 1888 622 1931 habet
641 1888 858 1945 (perpetim
870 1888 924 1945 P)
945 1890 1166 1932 commode
1187 1890 1393 1933 omissum
1412 1907 1438 1933 a
1451 1891 1652 1947 Bergkio.

131 1958 246 2001 Nam
276 1959 354 2000 illa
377 1959 573 2014 exempla
596 1958 652 2013 II,
676 1960 711 2012 1,
731 1959 787 2001 35
813 1962 856 2001 et
881 1959 935 2015 II,
954 1960 995 2015 4,
1014 1961 1067 2001 27
1100 1960 1146 2001 111
1173 1975 1223 2003 00
1248 1963 1419 2003 tantum
1448 1962 1651 2005 differunt

133 2029 188 2070 ab
206 2028 261 2083 Π,
273 2029 314 2084 2,
327 2029 396 2084 23,
419 2029 520 2083 quia
539 2031 723 2070 metrum
741 2043 828 2071 non
847 2032 1079 2085 repugnat3
1110 2044 1241 2085 quare
1260 2031 1419 2073 iterum
1437 2031 1650 2088 Bergkius

133 2099 280 2153 omisit
298 2098 635 2141 Ambrosianum
659 2114 785 2140 versu
810 2099 866 2155 II,
888 2101 924 2154 1,
943 2100 1001 2142 36
1032 2102 1302 2155 repugnante
1334 2104 1474 2144 metro
1496 2103 1652 2156 probus

132 2173 295 2211 amator
324 2184 401 2224 pro
423 2170 580 2223 probus
602 2171 721 2212 dator
751 2185 800 2211 ex
826 2170 1020 2212 versibus
1045 2169 1100 2225 Π,
1126 2172 1162 2225 1,
1183 2172 1241 2213 20
1260 2174 1303 2213 01,
1321 2172 1378 2214 25
1410 2173 1650 2215 adscivisse.

133 2240 251 2290 Quae
283 2254 379 2282 cum
404 2240 467 2281 ita
491 2239 595 2294 sint,
625 2253 679 2280 ne
710 2239 964 2281 tenuissima
989 2240 1160 2295 quidem
1191 2241 1461 2284 dubitatione
1492 2243 1651 2286 iniecta

133 2310 266 2352 etiam
295 2310 461 2352 duobus
487 2313 586 2352 ante
610 2310 806 2352 versibus
834 2310 996 2352 deon-um
1014 2315 1208 2366 oyyerunt
1229 2327 1307 2367 pro
1332 2314 1473 2356 demus
1490 2315 1652 2356 danunt

133 2380 431 2423 Palatinorum
462 2380 675 2434 scriptura
705 2395 756 2422 ex
787 2371 983 2423 versibus
1014 2381 1047 2436 Ι,
1072 2383 1112 2436 2,
1141 2383 1194 2424 10
1226 2385 1269 2424 01,
1303 2384 1356 2425 16
1388 2383 1435 2425 111
1467 2384 1651 2427 Ambro-

134 2450 245 2493 siani
270 2452 516 2493 contextum
542 2464 587 2492 se
612 2450 849 2492 insinuasse
875 2451 1219 2508 iudicabimusffi)
1252 2468 1461 2508 vocesque
1485 2455 1650 2509 priscas

231 2579 287 2620 15)
320 2576 427 2612 Ve'lut
449 2577 507 2611 hic
531 2580 582 2612 est
605 2577 811 2612 adulescens
836 2578 900 2623 qui
922 2579 1065 2614 habitat
1088 2580 1147 2614 hic
1165 2581 1316 2625 ayo-estis
1333 2581 1493 2616 misticus
1510 2581 1554 2625 A,
1587 2581 1650 2616 Ve-

135 2635 190 2670 lut
213 2635 272 2670 hic
295 2635 445 2680 aya-estis
469 2637 520 2670 e'st
544 2637 750 2671 adulescens
773 2637 838 2681 qui
867 2637 927 2672 hic
956 2638 1062 2673 habet
1084 2638 1131 2680 1³3
1163 2638 1207 2672 cf.
1233 2639 1381 2683 praeter
1411 2639 1504 2674 alios
1528 2639 1649 2675 Kiess-

134 2692 271 2739 lingius
289 2694 313 2728 l.
333 2705 360 2729 s.
380 2706 406 2728 ε.
428 2706 463 2739 p.
471 2697 559 2745 2²8²
585 2694 859 2730 Studemundus
880 2695 1090 2741 ‘Festyruss
1109 2698 1142 2731 d.
1162 2698 1285 2741 philol.
1301 2698 1380 2732 Ges.
1400 2708 1446 2731 zu
1464 2697 1646 2734 Wuerzb?

135 2763 172 2797 p.
196 2755 254 2787 47.

232 2811 288 2854 16)
319 2811 452 2846 osclum
483 2812 619 2846 amicae
651 2823 760 2857 usque
784 2813 919 2857 querit
949 2814 988 2848 et
1018 2814 1125 2848 etiam
1157 2814 1252 2848 ultro
1286 2814 1358 2858 ipsi
1374 2817 1574 2858 ,(199ον11116
1600 2815 1651 2850 acl
