1904 3106
693 130 1007 172 -139—

82 250 249 291 eamus,
297 235 551 291 planissime
601 235 699 278 inde
749 236 919 291 patebit
969 252 1098 292 quam
1143 236 1201 278 sit
1243 235 1509 290 exoptabilis
1560 249 1609 276 ac

85 306 327 348 necessaria
371 305 756 348 Ambrosianarum
811 307 1091 362 reliquiarum
1150 309 1350 349 accurata
1405 305 1612 360 cognitio.

84 375 325 423 Pseudulus
362 377 477 419 enim
514 392 540 419 a
570 376 774 420 Lorentio
811 392 900 420 non
935 378 1092 420 iterum
1133 378 1292 420 collato
1323 376 1609 432 palimpsesto

84 461 221 503 nuper
258 447 373 490 edita
412 449 621 503 quantum
659 462 710 490 ex
741 447 823 490 hoc
852 448 972 491 fonte
1004 448 1111 490 lucri
1153 448 1297 503 capiat
1329 447 1609 490 ostendemus

83 519 233 562 fabula
275 518 436 574 partim
479 518 654 560 uberius
697 533 720 560 e
758 518 902 561 codice
941 519 1142 562 deleticio
1187 521 1406 572 enarrata,
1447 518 1611 573 partim

84 589 255 632 selectis
297 589 404 632 locis
446 589 567 632 illinc
603 589 835 632 illustrata.
898 588 1108 632 Secuntur
1143 590 1306 631 tertio
1345 589 1517 644 capite
1557 589 1613 630 si-

83 659 206 701 milia
235 659 497 714 pertinentia
529 660 582 702 ad
614 659 828 715 Stichum,
859 660 978 702 cuius
1010 660 1144 703 lectio
1176 675 1275 703 raro
1308 663 1375 702 est
1406 659 1609 702 difficilis.

87 728 287 772 Ceterum
318 729 492 772 disertis
524 731 664 773 verbis
691 746 912 773 monemus
937 746 1024 773 non
1050 731 1112 772 ita
1136 745 1216 773 nos
1242 746 1332 773 rem
1357 731 1612 784 instituisse,

86 803 136 842 ut
163 799 306 855 possit
335 815 515 856 usquam
547 816 570 843 e
601 801 775 844 silentio
805 804 956 844 nostro
989 801 1041 844 de
1075 801 1355 843 Ambrosiani
1385 801 1610 856 scripturis

87 870 175 912 ulla
203 870 449 914 coniectura
479 871 676 914 derivari.
726 871 790 914 De
821 875 1003 927 quarto
1037 873 1210 927 capite
1237 887 1366 927 supra
1392 872 1480 914 iam
1504 872 1611 914 vidi-

87 955 194 982 mus,
233 939 365 983 Plura
396 945 541 983 autem
573 957 595 983 e
625 942 750 984 libris
781 942 997 985 Plautinis
1028 958 1125 985 cum
1158 942 1392 986 lectoribus
1424 957 1611 985 commu-

84 1010 259 1054 nicandi
289 1011 396 1054 alibi
427 1012 630 1054 offeretur
650 1013 843 1055 occasio.

202 1081 303 1125 Non
331 1082 524 1125 derivata
554 1086 655 1125 sunt
685 1098 708 1125 e
740 1083 957 1126 codicibus
989 1084 1135 1138 capita
1165 1084 1401 1139 quintum
1427 1087 1471 1126 et
1496 1099 1613 1126 sex-

85 1151 251 1210 tum¹)‚
298 1167 481 1208 quorum
529 1153 606 1195 illo
651 1154 923 1196 continentur
971 1151 1144 1209 κριτικὰ
1191 1157 1235 1196 et
1284 1151 1516 1209 διηγητικὰ
1559 1155 1613 1197 ad

87 1223 407 1279 Trinummum,
449 1223 531 1265 hoc
573 1223 629 1265 ad
672 1223 781 1266 alias
825 1224 995 1266 fabulas
1041 1225 1293 1280 spectantia.
1355 1227 1420 1267 Ac
1464 1226 1612 1279 priore

88 1293 261 1349 quidem
291 1293 597 1336 continuantur
628 1309 737 1349 quae
762 1294 814 1336 de
840 1296 988 1337 eadem
1013 1296 1235 1338 comoedia
1258 1310 1358 1338 cum
1383 1296 1490 1338 alibi
1515 1299 1610 1338 tum

60 1400 64 1402 ,
87 1364 274 1407 maxime
304 1364 350 1406 in
380 1364 607 1407 Ritschelii
631 1365 755 1408 Actis
781 1366 1044 1421 scripsimus,
1074 1367 1120 1408 in
1145 1370 1327 1421 utroque
1354 1366 1501 1409 insunt
1525 1382 1614 1410 non

86 1435 209 1478 nulla
238 1435 556 1491 glossematica.
596 1435 718 1485 Quod
751 1439 895 1479 autem
926 1437 973 1478 in
998 1438 1198 1479 omnibus
1224 1435 1612 1480 Coniectaneorum

88 1506 304 1562 capitibus
335 1506 475 1548 rarius
507 1521 637 1561 quam
666 1521 745 1561 par
776 1510 842 1548 est
873 1507 1185 1549 sententiarum
1216 1508 1271 1549 ab
1304 1507 1401 1550 aliis
1434 1508 1486 1550 de
1522 1524 1614 1550 ver-

90 1579 211 1621 sibus
242 1576 495 1633 quibusdam
527 1577 795 1631 prolatarum
821 1578 1035 1620 rationem
1059 1577 1302 1634 habuimus,
1332 1578 1415 1620 hoc
1440 1593 1613 1621 excusa-

91 1649 201 1691 bunt
236 1648 309 1703 qui
345 1648 431 1690 ista
469 1647 615 1690 omnia
646 1648 748 1690 dum
779 1648 890 1703 apud
923 1652 1091 1690 exteras
1123 1651 1275 1703 gentes
1308 1649 1418 1704 dego
1450 1650 1614 1705 scripta

91 1733 184 1762 esse
214 1718 498 1761 meminerint.

184 1835 221 1878 1)
246 1834 497 1880 Appendicem
529 1846 641 1880 quam
664 1835 751 1870 huic
776 1835 967 1880 scriptioni
993 1847 1059 1870 nos
1085 1836 1295 1882 adiectnros
1321 1847 1400 1871 esse
1426 1836 1465 1870 in
1490 1837 1611 1871 Teub-

70 1892 170 1928 ‘neri
200 1892 521 1939 ‘Mittheilungen’
559 1894 861 1939 promiseramus,
898 1905 980 1929 eam
1013 1907 1059 1929 ne
1090 1895 1489 1930 commentatiunculae
1520 1895 1612 1930 fines

88 1952 429 1998 transgrederemur
453 1952 697 1989 omittendam
721 1953 946 1998 putavimus.
