1904 3106
758 75 1015 116 „5-

132 180 323 222 armillas
351 193 543 235 aequem,
575 180 676 235 quia
705 179 981 234 trisyllabum
1011 179 1093 221 hoc
1119 179 1375 229 adiectivum
1407 180 1652 221 consta-nter

134 250 247 306 apud
271 249 473 293 Plautum
505 250 580 306 sit,
611 250 770 292 dudum
800 253 1062 292 monuerunt
1086 249 1374 306 Kiesslingius
1400 250 1653 292 Muellerus·

133 319 267 377 que⁹·).
329 320 410 371 Qui
441 334 536 363 cum
566 336 652 363 non
691 321 958 363 invenissent
988 321 1101 376 quod
1132 321 1239 363 satis
1276 321 1562 376 probabiliter
1591 335 1654 362 re-

131 391 237 447 poni
266 394 432 447 posset,
464 394 637 433 strenuo
670 391 867 433 acumine
893 391 1089 447 Buggius
1119 390 1340 446 perspexit
1367 405 1424 432 an
1448 405 1491 433 co
1516 391 1653 433 bella's

132 463 346 518 pertinere
383 463 436 505 ad
470 462 608 515 Quian
641 486 690 491 —-
720 462 945 516 pallulam,
981 462 1169 517 itemque
1207 462 1261 504 ad
1299 462 1398 516 quia
1428 462 1550 516 clepis
1581 462 1654 504 tibi

132 533 323 576 armillas
363 532 452 574 tale
494 532 727 575 desiderari
771 532 1132 587 additamentum,
1181 546 1264 586 quo
1308 532 1436 574 ducat
1478 533 1654 587 insuper

131 617 277 646 aneas
305 603 492 658 pristina
522 603 798 645 Ambrosiani
831 603 1053 658 scriptura.
1116 601 1197 644 Sed
1229 601 1342 658 quod
1372 603 1464 658 ipse
1495 618 1652 658 propo-

133 673 220 716 suit
231 671 282 731 ¹⁰)
324 687 381 716 an
423 687 466 716 eo
504 674 649 716 Venu's
691 675 758 716 vel
801 688 857 716 an
894 688 937 716 eo
974 673 1170 716 Helena's
1213 688 1290 716 suo
1333 674 1424 716 iure
1461 673 1653 717 Koehius

133 744 363 787 abhorrere
388 745 558 787 notavit
583 759 608 786 a
632 744 775 786 Plauti
803 744 1098 799 simplicitate3
1130 744 1276 799 itaque
1307 757 1364 785 an
1395 758 1438 786 co
1470 747 1505 786 te
1534 759 1654 788 amas

132 814 206 857 ille
237 814 496 871 tentavitss).
540 814 622 857 Sed
653 829 706 857 ne
738 815 780 857 id
812 814 983 870 quidem
1016 814 1110 856 loco
1143 814 1249 856 satis
1282 814 1653 856 accommodatum

0 869 10 907 .'
50 909 58 915 ν
133 887 217 941 est,
247 887 396 941 utpote
427 886 539 941 quod
571 901 658 929 non
683 886 823 928 minus
851 885 960 927 bene
987 885 1040 928 ad
1066 885 1197 927 verba
1226 886 1355 939 quiam
1380 910 1426 915 -
1442 886 1653 938 pallulam

133 971 262 1012 quam
292 956 346 998 ad
374 957 474 1010 quia
503 957 653 1011 clepis
678 957 751 999 tibi
774 957 965 998 armillas
995 955 1224 998 referatur:
1257 955 1310 998 ad
1343 955 1453 997 hanc
1484 958 1652 1010 partem

133 1027 342 1070 orationis
375 1027 597 1084 audaciae,
627 1043 715 1070 non
740 1027 1045 1070 ostentationis
1071 1026 1414 1082 designationem
1439 1031 1655 1082 exspecta-

133 1112 240 1140 mus.
302 1097 442 1148 Quare
473 1098 575 1154 quid
604 1098 747 1153 potius
780 1098 1000 1153 scripsisse
1031 1100 1204 1152 poetam
1241 1097 1491 1152 putabimus
1524 1112 1653 1152 quam

132 1182 191 1211 an
213 1168 292 1211 eo’s
312 1163 454 1222 ferooe
478 1169 590 1224 quod
616 1169 660 1210 in
687 1169 821 1210 simili
847 1168 1062 1210 sententia
1080 1167 1305 1209 Terentius
1317 1165 1367 1223 12)
1398 1169 1652 1222 usurpavit?

133 1238 328 1281 FEROX
357 1239 491 1295 igitur
521 1239 558 1281 si
589 1241 702 1281 recte
733 1242 834 1294 post
857 1237 966 1281 EOS
998 1239 1264 1280 intercidisse
1292 1238 1575 1293 suspicamur,
1606 1239 1654 1280 in

117 1309 175 1369 *A
205 1308 414 1352 ‘armillas
446 1309 616 1352 aeneas’
647 1310 818 1352 illatum
851 1312 918 1352 est
947 1325 1024 1365 pro
1058 1309 1267 1351 ‘armillas
1299 1308 1444 1351 aneos’
1474 1309 1653 1364 inexpli-

134 1379 281 1435 cabili,
323 1395 420 1422 eum
461 1380 507 1422 in
544 1379 579 1421 P
622 1379 760 1422 ‘arma
802 1379 1020 1422 advenias'
1065 1379 1254 1421 eiusdem
1299 1380 1535 1435 scripturae
1579 1382 1655 1422 aut

135 1450 384 1506 depravatio
417 1453 492 1492 aut
523 1450 728 1493 correctio
762 1450 971 1506 quaedam
1003 1450 1255 1492 oblitterata
1286 1450 1355 1492 sit.

253 1520 336 1564 Sed
366 1523 415 1563 ut
443 1516 526 1563 hoc
562 1521 656 1563 loeo
696 1521 808 1576 quod
847 1535 1071 1563 commune
1107 1521 1153 1562 in
1189 1535 1338 1562 versus
1376 1520 1460 1562 fine
1499 1520 1653 1564 vitium

135 1594 438 1635 contraxerunt
469 1591 650 1633 eundem
681 1591 850 1646 utrique
877 1591 1116 1633 recensioni
1146 1591 1312 1633 fontem
1338 1590 1472 1633 fuisse
1499 1592 1654 1647 arguit,

135 1662 199 1705 ita
228 1662 341 1704 idem
372 1662 489 1704 valet
519 1662 570 1704 de
601 1662 727 1703 initio
757 1677 907 1704 versus
938 1661 971 1712 Ι,
997 1662 1036 1716 2,
1057 1662 1131 1717 29,
1162 1662 1236 1704 11111
1267 1663 1497 1716 postquam
1524 1661 1653 1703 Asta-

135 1733 287 1788 phium
324 1732 433 1775 dixit
469 1747 514 1774 se
552 1746 766 1774 accersere
796 1730 1129 1788 Archilinemffi),
1166 1732 1213 1774 111
1249 1731 1289 1774 Α
1322 1732 1494 1774 additur
1531 1747 1653 1775 mere·

136 1805 290 1856 tricem,
321 1804 564 1847 obstetricem
593 1803 640 1845 111
670 1803 716 1845 Ρ.
759 1802 883 1845 Η3110
914 1817 1044 1858 quam
1069 1801 1300 1858 Bergkius'
1315 1818 1356 1858 p.
1387 1803 1470 1845 135
1502 1804 1654 1846 attulit

232 1980 267 2023 9)
293 1978 347 2013 Cf.
372 1978 466 2013 Ann.
491 1978 582 2023 phil.
608 1978 634 2012 t.
655 1976 787 2012 XCVII
812 1989 847 2022 p.
869 1981 955 2021 6143
980 1977 1082 2012 Pros.
1107 1977 1227 2013 Plaut.
1253 1990 1288 2023 p.
1310 1980 1379 2013 283
1405 1978 1499 2023 adu,
1526 1981 1605 2014 598.

234 2038 290 2081 10)
315 2037 407 2072 Ann.
434 2036 525 2081 phil.
551 2037 578 2072 t.
606 2035 702 2071 GVH
727 2037 774 2080 (a.
796 2038 900 2080 1873)
923 2048 960 2081 p.
980 2039 1059 2071 408.

233 2097 290 2139 11)
315 2095 408 2130 lbid.
433 2108 469 2141 p.
491 2099 569 2131 772.

234 2147 292 2198 1‘2)
318 2153 408 2188 Eun.
434 2154 496 2198 111,
520 2158 550 2198 1,
570 2157 615 2188 25
641 2154 757 2198 (415):
802 2153 907 2188 Eone
937 2155 972 2189 e's
1001 2153 1106 2196 ferox
1137 2154 1226 2198 qaia
1254 2153 1361 2188 habes
1391 2154 1583 2198 imperium
1613 2155 1656 2189 in

138 2213 262 2248 be'laas
286 2214 490 2258 (imperimn
514 2213 620 2247 habes
644 2223 711 2257 pro
735 2213 842 2247 habes
867 2213 1059 2257 imperium
1085 2212 1125 2247 O.
1141 2213 1374 2257 Brugmanus
1394 2212 1541 2258 scripsit
1558 2224 1595 2257 p.
1610 2216 1654 2247 40

139 2271 224 2306 diss.
251 2265 474 2316 ‘quefnadm
499 2270 538 2305 in
563 2271 674 2306 iamb.
701 2282 775 2306 sen.
802 2271 908 2307 Rom.
934 2272 1006 2306 vet.
1032 2272 1131 2306 verb.
1158 2281 1233 2306 300.
1261 2282 1344 2305 cum
1369 2283 1467 2306 num.
1495 2271 1652 2307 consoc.'

138 2329 286 2365 Bonnae
318 2329 374 2365 ed.
403 2331 524 2374 1874);
561 2329 606 2364 cf.
634 2329 753 2365 Plaut.
779 2329 880 2364 Asin.
907 2333 975 2365 468
1006 2330 1110 2373 fero'x
1140 2333 1208 2372 est,
1244 2331 1380 2375 viyinti
1407 2331 1526 2365 minas
1559 2331 1656 2365 mea's

138 2390 296 2422 tractare
318 2389 406 2430 se'se3
432 2388 590 2424 Mostell.
617 2392 704 2431 8903
728 2388 824 2423 Men.
854 2392 938 2432 767;
963 2388 1040 2424 Mil.
1067 2389 1115 2433 gl.
1146 2392 1247 2424 1323.

236 2447 292 2489 13)
318 2446 423 2481 Hunc
447 2446 604 2481 nominis
623 2447 784 2481 Archilis
808 2447 1093 2491 metaplasmum
1117 2447 1156 2482 in
1181 2448 1212 2481 A
1233 2448 1419 2482 servatum
1439 2447 1655 2490 (Archinam

139 2504 180 2548 P,
205 2504 435 2538 Arehilinam
459 2503 704 2550 Kiesslingius
730 2505 754 2540 l.
780 2518 805 2541 s.
832 2517 858 2540 s.
884 2518 919 2551 p.
947 2510 1032 2549 624,
1058 2506 1274 2551 Archilinen
1299 2505 1520 2551 Speugelius
1544 2505 1654 2540 foedo

140 2562 248 2606 vitio,
279 2562 379 2606 quod
404 2573 426 2596 a
452 2562 673 2608 Kiesslingio
703 2564 866 2599 monitus
896 2564 1030 2599 iterum
1062 2563 1249 2599 commisit
1278 2563 1317 2598 in
1341 2563 1546 2598 Trinummi
1579 2563 1654 2599 edi-

140 2621 241 2657 tione
266 2635 300 2656 v.
319 2624 401 2666 875)
427 2621 514 2656 satis
539 2622 731 2657 firmarunt
755 2622 953 2667 Seyffertus
977 2623 1110 2658 Philol.
1135 2624 1163 2658 t.
1184 2623 1301 2658 XXIX
1328 2625 1374 2668 (a.
1397 2625 1502 2666 1870)
1529 2634 1563 2666 p.
1585 2625 1654 2656 409

142 2681 180 2714 et
206 2680 448 2715 Buechelerus
473 2680 566 2714 Ann.
592 2680 682 2725 phjl.
708 2682 734 2715 t.
763 2680 824 2716 CV
850 2682 896 2724 (a.
925 2683 1030 2725 1872)
1054 2693 1090 2726 p.
1111 2685 1190 2717 570.
1240 2682 1356 2716 Versu
1381 2681 1598 2724 insequente
1623 2680 1655 2714 A

141 2739 269 2774 habet:
300 2739 514 2774 meretricem
543 2740 641 2774 onata
671 2743 712 2774 tu
741 2740 878 2783 femina
908 2751 942 2774 es
967 2741 1037 2775 oles
1061 2752 1139 2775 eam
1164 2741 1259 2775 uncle
1284 2744 1324 2774 tu
1349 2751 1383 2774 es
1408 2739 1654 2784 disciplinam,

143 2797 187 2832 l':
213 2797 429 2833 obstetricem
454 2798 551 2833 mala
574 2799 710 2842 semitm
735 2810 769 2833 es
792 2799 881 2833 soles
905 2800 1008 2833 urtice
1032 2799 1274 2843 disciplinam.
