1904 3106
882 64 1174 105 -16-

263 168 407 209 enim?
451 166 496 210 Si
517 167 672 209 Plauto
705 170 753 209 ut
785 168 890 209 dicit
920 168 994 210 ille
1020 170 1262 212 necessario
1290 183 1340 211 ea
1364 169 1634 212 immutanda
1658 172 1793 225 erant,

263 253 372 293 quae
403 239 581 294 propria
613 241 757 281 essent
788 239 872 293 ipsi
903 240 1071 282 mediae
1103 241 1348 283 comoediae
1381 240 1546 296 generi,
1583 255 1667 296 quo
1697 243 1793 283 tan-

263 309 360 351 dem
398 310 524 352 initio
564 325 614 352 ac
651 310 932 353 fundamento
970 312 1090 353 talis>
1110 312 1328 354 sententia
1361 312 1600 354 constituta
1630 314 1698 354 est
1710 310 1794 368 ⁸²)‘?

263 379 461 423 Certiora
503 381 548 434 in
592 382 673 423 hac
715 396 760 423 re
803 397 914 424 unus
958 382 1072 437 quod
1110 383 1242 428 sciam
1281 381 1497 438 Gustavus
1525 378 1793 425 ·Schmitzius

264 454 452 494 statuere
495 468 624 495 ausus
667 455 732 495 est
772 453 818 495 in
859 454 1162 496 dissertatione
1204 453 1276 495 ‘de
1318 456 1494 496 actuum
1536 454 1582 495 in
1612 453 1676 495 Pl.
1707 453 1794 496 fab.

263 523 479 579 descript.'
518 524 692 566 Bonnae
720 525 784 566 ed.
808 525 932 567 1852.
990 525 1073 575 Qui
1105 540 1202 567 cum
1233 525 1375 580 ipsam
1405 524 1631 567 Menandri
1657 525 1795 567 Θαΐδα

263 594 430 636 fontem
462 609 555 636 esse
588 598 785 650 poneret,
827 596 974 638 nescio
1013 612 1067 638 an
1107 596 1306 651 cuiquam
1339 611 1488 639 eorum
1518 595 1795 651 persuaserit,

265 666 338 721 qui
377 680 472 707 cum
513 681 561 707 eo
602 667 705 708 olim
744 667 1019 721 disputarunt
1032 665 1104 723 33);
1150 667 1212 709 eis
1245 682 1354 722 quae
1385 668 1432 709 in
1461 668 1558 722 ipsa
1589 667 1792 709 disserta-

263 738 382 780 tione
414 752 453 792 p.
486 737 540 778 27
575 737 775 792 protulit,
813 752 963 779 vereor
994 740 1042 779 ut
1074 752 1165 779 rem
1197 738 1405 792 probarit.
1467 738 1550 788 Qui
1581 737 1696 793 quod
1726 752 1793 780 ar-

265 808 459 864 gumenti
492 807 821 850 similitudinem
853 810 1065 863 excitavit,
1096 824 1246 851 verum
1278 810 1412 852 estin
1437 812 1619 865 utraque
1643 808 1795 850 fabula

265 880 584 922 meretriculam
611 880 838 934 introduci,
860 895 967 935 quae
995 880 1107 922 ‘cum
1132 880 1329 923 homines
1356 881 1466 923 mira
1491 895 1576 935 qua
1600 879 1795 935 pollebat

264 951 638 1006 blandiloquentia
676 951 730 993 ad
768 967 813 993 se
851 952 1090 1006 allexisset,
1133 952 1349 994 neminem
1387 954 1536 994 tamen
1573 950 1792 993 constanti

265 1037 411 1064 amore
443 1026 786 1078 prosequeretur,
819 1023 892 1065 sed
917 1023 1024 1065 illud
1050 1023 1171 1065 unice
1199 1025 1427 1078 spectaret,
1457 1025 1506 1065 ut
1537 1037 1646 1079 quos
1678 1022 1793 1064 calli-

265 1094 456 1136 dissimis
487 1094 712 1136 fraudibus
746 1097 790 1136 et
821 1095 1061 1136 venustatis
1093 1094 1305 1136 illecebris
1337 1094 1583 1148 irretiisset‚
1613 1093 1794 1149 pecunia

266 1166 518 1221 emungeret
549 1167 593 1206 et
625 1167 845 1207 emunctos
879 1164 1141 1207 excluderet'
1173 1162 1398 1221 (Meinekii
1429 1167 1528 1208 sunt
1557 1163 1725 1221 verba):

478 1239 690 1288 θραεεῖαν,
723 1236 886 1288 ὡραίαν
918 1238 964 1277 δὲ
997 1237 1064 1278 καὶ
1096 1238 1279 1288 πιθανὴν
1311 1236 1406 1288 ἅμα,

478 1306 704 1349 ἀδικοῦεαν
737 1306 1059 1359 ἀποκλείουεαν,
1092 1307 1292 1349 αἰτοῡεαν
1324 1307 1473 1360 πυκνά,

478 1379 659 1430 μηδενὸς
692 1379 871 1430 ἑρῶεαν,
903 1379 1273 1429 προσποιουμένην
1305 1378 1342 1419 δ’
1373 1378 1448 1420 ἀεί.

266 1449 347 1492 Sed
380 1450 425 1491 in
458 1450 621 1492 Thaide
653 1451 797 1504 plures
830 1450 961 1491 etiam
992 1449 1100 1491 varii
1134 1449 1303 1504 generis
1335 1451 1549 1491 amatores
1581 1448 1793 1504 prodiisse

265 1536 393 1576 quam
438 1522 483 1562 in
526 1520 787 1563 Truculento
833 1520 1170 1562 concludendum
1221 1522 1286 1562 est
1329 1534 1379 1561 ex
1423 1520 1639 1576 Propertii
1686 1520 1794 1575 loco,

265 1608 391 1648 quem
428 1595 569 1634 totum
608 1607 659 1634 ex
690 1592 915 1633 Menandri
953 1591 1102 1633 fabula
1139 1606 1387 1646 expressum
1425 1606 1516 1634 esse
1553 1591 1792 1634 Meinekius

268 1665 457 1719 agnovit,
489 1663 529 1705 V
562 1661 676 1719 (IV),
709 1663 749 1716 5,
781 1663 837 1704 42
859 1660 998 1717 sq.3⁴):

477 1735 568 1778 Nec
599 1737 642 1776 te
674 1734 850 1775 Medeae
883 1733 1095 1775 delectent
1126 1734 1287 1788 probra
1319 1735 1514 1789 sequacis

480 1806 716 1860 —Nempe
748 1805 851 1846 tulit
882 1804 1034 1858 fastus,
1066 1819 1172 1845 ausa
1202 1818 1358 1859 rogare
1390 1804 1510 1858 prior
1526 1827 1581 1834 —-=

480 1877 562 1918 Sed
594 1876 737 1930 potius
771 1875 918 1916 mundi
950 1875 1080 1916 Thais
1114 1875 1307 1929 pretiosa
1337 1873 1575 1930 Menandri,

550 1947 658 1990 Cum
690 1947 792 1989 ferit
824 1949 990 1988 astutos
1024 1946 1186 1988 comica
1219 1945 1399 1988 moecha
1430 1943 1634 2002 Getas35).

360 2080 418 2123 32)
447 2079 542 2113 Nam
563 2077 661 2121 quod
678 2075 897 2111 ‘Strabacis'
914 2086 1048 2110 nomen
1068 2077 1218 2120 poetam
1237 2085 1411 2120 graecum
1430 2073 1586 2118 fortasse
1607 2074 1654 2109 ob
1674 2073 1791 2109 filium

266 2138 452 2182 quendam
485 2138 563 2172 eius
594 2135 771 2171 indidisse
796 2136 923 2180 putat,
962 2145 1072 2179 quem
1098 2134 1283 2179 Iphicrate
1308 2133 1459 2168 iubente
1484 2132 1730 2168 Athenienses
1753 2132 1792 2168 in

265 2197 458 2232 civitatem
484 2196 736 2239 adsciverunt,
768 2194 862 2229 nihil
889 2193 1053 2239 apertius
1079 2203 1156 2227 esse
1181 2193 1306 2236 potest
1331 2203 1443 2236 quam
1468 2191 1516 2226 ad
1541 2191 1792 2226 denotandam

265 2256 473 2300 squalidam
502 2255 764 2298 horridamque
790 2253 966 2288 amatoris
991 2253 1147 2297 figuram
1173 2262 1306 2286 nomen
1331 2250 1425 2285 illud
1450 2250 1643 2296 respicere.

360 2318 419 2357 33)
446 2315 554 2349 Thes.
581 2314 666 2349 adn.
692 2312 835 2347 dissert.
861 2312 894 2346 ΙΙ
903 2327 911 2347 :
947 2310 1094 2345 ‘Plauti
1119 2310 1364 2345 Truculentus
1389 2321 1563 2354 expressa
1587 2310 1645 2344 est
1671 2320 1691 2345 e
1716 2309 1791 2344 Me-

263 2374 397 2409 nandri
423 2373 528 2408 Οαῑδί
555 2372 690 2418 [εἰοῖΓ.

360 2434 419 2478 34)
446 2431 498 2466 Cf.
524 2432 573 2467 id.
602 2432 646 2475 ΙΙ,
674 2436 705 2475 6,
733 2435 752 2465 3
775 2442 845 2475 sq.:

551 2501 677 2536 Turba
701 2501 947 2536 Menandreae
973 2500 1096 2535 fuerat
1120 2511 1186 2534 nec
1214 2498 1376 2535 Thaidos
1401 2499 1490 2534 olim

598 2561 737 2604 Tanta,
764 2559 802 2594 iu
829 2570 903 2604 qua
928 2558 1087 2603 populus
1113 2557 1203 2592 lusit
1227 2557 1500 2592 Erichthonius,

361 2634 419 2677 35)
454 2631 538 2666 Non
571 2630 737 2676 profecto
771 2630 971 2664 miraturus
998 2640 1114 2664 essem
1140 2628 1256 2673 siquis
1282 2627 1608 2663 contaminationis
1632 2628 1792 2663 sectator

266 2704 308 2726 ex
341 2692 412 2726 hoc
444 2691 526 2725 loco
559 2689 741 2724 Thaidem
774 2689 981 2723 adhibitam
1014 2699 1092 2723 esse
1132 2687 1368 2723 concluderet
1398 2689 1436 2722 et
1466 2685 1791 2722 contaminationis

266 2740 464 2794 vestigium
501 2747 722 2783 remansisse
758 2748 795 2781 in
830 2758 935 2782 versu
972 2746 1037 2780 illo
1072 2745 1124 2789 ΙΙ,
1152 2750 1183 2789 7,
1210 2750 1253 2780 23
1286 2746 1407 2790 qualis
1438 2747 1524 2780 ante
1551 2743 1791 2790 Spengelium

266 2808 612 2842 circumferebatur:
