1904 3106
691 115 1012 156 —103—

42 264 49 270 ,
97 219 348 264 Notandum
379 223 446 263 est
474 220 556 263 hoc
587 221 682 263 loco
710 220 743 262 A
774 234 943 275 quoque
969 219 1169 262 exhibere
1200 221 1469 274 adipiscendi,
1500 221 1610 276 quod

97 305 187 334 non
217 291 355 347 magis
379 291 535 333 mirum
560 291 727 333 videtur
750 305 880 346 quam
906 291 1124 344 adzpsscier
1148 290 1191 332 in
1212 290 1421 333 Bembino
1442 291 1612 334 Phorm.

95 360 139 404 Π
168 361 214 417 3,
244 361 301 404 59
338 361 564 417 traditum,
607 362 717 404 unde
749 360 951 404 discimus
994 375 1047 404 ne
1090 362 1404 404 vetustissimos
1442 363 1611 418 quidem

95 431 216 475 codic
345 446 468 475 orsus
500 431 581 474 hoc
612 432 874 488 glossemate
904 432 1035 474 fuisse
1065 433 1236 475 liberos.

212 445 390 575 *a
436 503 645 558 apiscendi
690 503 874 546 formam
929 503 1001 545 hic
1046 503 1135 546 illic
1190 505 1321 547 verbo
1371 505 1612 560 composito

94 567 364 628 indipnoeaidi
393 589 495 616 usus
526 577 594 617 est
624 574 822 628 Plautus3
860 574 912 617 cf.
945 564 1147 616 Stichsv‘.
1178 575 1282 618 563:

154 656 292 711 Se'nex
323 668 493 723 quidem
523 667 678 723 voluit,
710 669 746 710 si
779 669 1166 723 possentindipssci
1196 669 1247 711 de
1278 668 1384 711 cibo.

95 765 139 805 et
167 761 294 818 Epid.
323 762 389 805 ΠΙ
419 763 461 818 4,
495 763 566 805 15:

158 912 162 914 ῃ
198 856 210 866 “
370 870 550 913 magnas
580 858 787 912 indeptum
818 872 852 900 e.
883 873 923 914 q.
954 873 986 900 s.

92 951 139 994 P*
174 995 176 998 ,
216 999 234 1003 ‚⁷
260 935 337 994 iore
380 951 474 993 loco
518 951 554 992 B
596 953 807 1006 indeptum
843 951 990 1006 habet,
1026 952 1054 994 J
1086 954 1336 1007 ademptum,
1380 953 1611 996 deteriores

94 1007 195 1065 libri
213 1022 415 1077 adeptum
464 1021 581 1072 Quae
607 1023 644 1065 si
669 1023 945 1078 reputaveris,
975 1038 1117 1066 nonne
1143 1024 1223 1066 tibi
1249 1023 1416 1066 videtur
1436 1023 1613 1067 Plautus

93 1091 374 1149 Captivorum
404 1108 574 1136 versum
605 1093 667 1135 IV
703 1095 737 1148 1,
773 1094 825 1136 13
857 1094 981 1150 (780)
1014 1095 1075 1136 ita
1110 1094 1352 1149 scripsisse:

152 1185 369 1244 Speroque
411 1202 479 1230 me
525 1188 581 1230 ob
626 1187 737 1230 hunc
792 1188 990 1231 nuntium
1040 1188 1304 1230 aeviternum
1354 1190 1614 1243 indeptumim

1223 1258 1365 1301 cibum
1388 1284 1436 1290 —
1449 1260 1471 1301 ⁸?

91 1353 334 1407 adepturum
363 1351 447 1394 BJ.
508 1351 791 1407 Participium
821 1356 966 1395 autem
998 1353 1063 1394 vel
1096 1353 1235 1409 magis
1267 1357 1514 1408 suspectum
1546 1359 1613 1398 est

93 1437 222 1480 quam
263 1426 429 1466 ceterae
472 1422 655 1477 formae3
716 1437 816 1464 nam
860 1425 1031 1478 praeter
1067 1422 1180 1466 hunc
1223 1424 1362 1467 locum
1399 1440 1612 1482 nusquam

96 1493 279 1537 traditur
293 1492 339 1550 ⁷).

209 1564 303 1607 Iam
342 1564 425 1606 duo
466 1567 633 1606 restant
671 1564 716 1606 ni
756 1563 885 1606 fallor
924 1564 1008 1606 loci
1048 1564 1099 1606 de
1139 1565 1293 1620 quibus
1335 1565 1507 1609 difficile
1548 1571 1614 1610 est

92 1635 292 1678 iudicare.
357 1634 481 1676 Alter
517 1633 708 1677 Terentii
752 1638 835 1687 est,
880 1634 992 1690 apud
1030 1649 1157 1689 quem
1195 1635 1365 1679 Phorm.
1403 1637 1446 1679 H
1477 1639 1523 1692 3,
1555 1639 1612 1681 65

94 1703 221 1762 (412)
250 1706 356 1749 haec
387 1708 573 1748 exstant:

151 1800 223 1843 An
251 1816 306 1843 ne
335 1800 419 1842 hoc
449 1800 619 1855 quidem
651 1814 730 1855 ego
761 1800 985 1853 αάῂὶίεσαν,
1017 1800 1130 1856 quod
1161 1801 1227 1843 ius
1259 1802 1551 1858 publicumst?

93 1893 236 1937 Plauti
266 1894 392 1949 alter,
423 1895 498 1950 qui
527 1897 594 1936 est
625 1893 759 1936 Stichi
791 1890 939 1937 versus
970 1895 1073 1938 280:
1207 1879 1212 1883 ¹

150 1988 276 2032 Nunc
306 1987 396 2030 tibi
426 1991 620 2043 potestas
651 1988 940 2043 ddtpiscendist
970 1989 1172 2044 gloriam,
1204 1990 1393 2045 laudem,
1425 1992 1565 2036 decus.

95 2082 363 2139 Quamquam
382 2083 523 2138 priore
542 2097 668 2124 versu
693 2082 810 2125 facili
837 2083 1081 2125 coniectura
1100 2084 1238 2138 possit
1257 2085 1452 2139 indzpisci
1471 2087 1611 2140 scribi,

93 2147 228 2208 quod‘
249 2167 275 2195 a
320 2152 580 2195 Terentiana
622 2153 826 2207 prosodia
867 2153 1040 2195 minime
1084 2154 1301 2197 abhorret.
1367 2155 1432 2197 De
1476 2154 1611 2198 Stichi

93 2226 237 2267 autem
256 2238 380 2265 versu
399 2223 626 2278 quominus
651 2223 855 2265 audacter
884 2224 1141 2266 sententiam
1172 2225 1452 2279 proferamus,
1486 2227 1611 2269 metri

92 2293 344 2336 difficultate
374 2294 662 2349 prohibemur.
723 2293 805 2336 Sed
835 2309 932 2337 cum
957 2309 1106 2337 versus
1138 2295 1353 2338 artissime
1384 2298 1612 2341 cohaereat-

93 2378 190 2406 cum
220 2378 270 2406 eo
302 2365 375 2420 qui
404 2365 643 2420 insequitur
667 2365 731 2421 (in
755 2365 878 2407 libris
903 2366 1007 2408 ordo
1033 2370 1100 2408 est
1123 2367 1350 2422 inversus),
1369 2368 1611 2410 suaviorem

92 2434 186 2476 fore
204 2435 423 2490 rythmum
441 2435 523 2477 hoc
543 2450 711 2491 quoque
734 2450 858 2478 versu
883 2436 1102 2479 trochaice
1123 2437 1317 2479 dimenso
1347 2437 1611 2480 crediderim.

98 2505 193 2555 Qua
222 2519 268 2547 re
299 2505 393 2547 vide
422 2521 527 2548 num
556 2505 659 2548 talis
691 2506 772 2548 tibi
802 2506 972 2560 placeat
1001 2521 1169 2549 versus:

152 2598 279 2640 Nunc
309 2600 502 2652 potestas
531 2598 618 2641 tibi
649 2599 910 2655 apiscendist
939 2600 1143 2655 gloriam,
1175 2601 1363 2655 laudem,
1394 2602 1531 2643 decuS.

191 2715 226 2758 7)
250 2713 382 2748 Exstat
405 2717 514 2758 aptus
538 2715 639 2759 apud
662 2714 865 2750 Pacuvium
890 2728 924 2750 v.
941 2720 1006 2751 168
1015 2714 1164 2759 ffibbfl,
1189 2716 1342 2751 Accium
1361 2728 1394 2751 v,
1410 2720 1493 2758 436,
1519 2715 1610 2751 Titi·

99 2771 201 2807 nium
233 2783 265 2806 v.
281 2775 302 2806 2
333 2771 567 2819 (abtqsimus).
616 2773 747 2818 Itaque
770 2773 900 2809 dubito
925 2784 973 2809 an
997 2785 1071 2809 non
1097 2776 1195 2810 recte
1221 2774 1446 2810 Ribbeckius
1466 2773 1608 2820 Turpil.

95 2841 129 2866 v,
155 2834 222 2867 209
247 2830 399 2877 adeptus
422 2829 629 2867 coniecerit.
