1904 3106
864 83 1151 123 --14-

457 185 645 242 [Lingua
685 187 799 229 dicta
841 187 983 230 dulcia
1024 188 1137 230 datis
1179 189 1304 231 corde
1342 204 1492 231 amara
1527 189 1646 232 facta
1682 190 1772 246 agi-

1024 260 1160 312 tatis]

300 327 410 370 Ast.
453 328 555 371 Non
584 327 737 384 istaec,
769 344 865 371 mea
896 328 1156 385 benignitas,
1188 329 1331 372 decuit
1362 331 1413 372 de
1445 330 1647 386 fabulari,

455 399 537 442 Sed
563 401 671 443 istos
698 402 771 457 qui
792 417 888 444 cum
909 401 1048 458 geniis
1069 403 1158 444 suis
1178 401 1440 457 belligerant
1459 401 1772 458 parcipr6mos:

456 470 658 514 Amantis
692 472 729 514 si
762 473 836 528 qui
865 474 954 514 non
986 473 1167 527 danunt,
1197 497 1253 502 —-
1286 487 1374 514 non
1405 471 1535 514 didici
1565 472 1771 516 baiolare.

300 541 375 583 Di.
448 541 600 584 Mala's
633 545 760 598 atque
793 543 943 585 eadem
976 545 1084 599 quae
1115 544 1226 586 soles
1259 544 1489 586 inle'cebra.
1550 547 1618 587 cet.

359 623 472 667 Satis
511 625 648 681 igitur
685 617 893 682 apparere
926 629 1032 681 puto
1064 627 1196 668 etiam
1226 627 1342 669 hunc
1372 627 1516 668 locum
1547 626 1654 669 adeo
1685 642 1774 670 non

239 697 521 751 comprobare
560 696 902 739 Ambrosianum
940 696 1248 754 Palatinosque
1293 698 1463 740 diversa
1503 699 1664 740 referre
1706 698 1772 740 hi-

240 767 453 810 strionum
485 768 767 823 exemplaria,
804 770 853 810 ut
891 767 1130 810 communis
1167 768 1339 824 utrique
1370 768 1611 811 recensioni
1641 769 1771 812 inter-

238 838 407 892 polatio
439 839 705 881 contrarium
736 839 883 894 potius
916 839 1098 881 evincat.

357 908 553 964 Denique
590 934 649 939 —
686 912 735 951 ut
771 910 936 952 leviora
975 910 1175 953 omittam
1184 908 1235 967 25)
1277 936 1327 940 -
1370 910 1423 953 ad
1460 911 1644 954 maiores
1676 925 1772 967 gra-

238 979 464 1035 vioresque
497 981 762 1036 corruptelas
795 981 841 1022 in
873 981 1023 1023 eodem
1055 981 1279 1036 utriusque
1311 980 1549 1037 archetypo
1580 982 1770 1024 nitentes

237 1051 346 1092 illud
377 1052 567 1106 pertinet
598 1066 747 1094 versus
778 1051 841 1107 H,
876 1053 919 1108 1,
954 1053 1127 1095 14—16
1160 1067 1211 1094 ex
1243 1052 1461 1095 consimili
1492 1053 1603 1095 alius
1634 1053 1772 1096 cuius·

238 1122 339 1164 dam
365 1123 610 1165 comoediae
636 1123 733 1166 loco
759 1123 843 1166 huc
868 1124 1066 1179 intrasse,
1098 1124 1213 1180 quod
1243 1126 1335 1166 tam
1364 1116 1604 1166 luculenter
1620 1123 1770 1167 Fleck-

237 1194 411 1235 eisenus
463 1194 644 1249 detexit,
693 1195 909 1236 neminem
958 1197 1007 1236 ut
1057 1194 1423 1237 contradicturum
1472 1208 1566 1237 esse
1609 1197 1769 1249 putem.

237 1264 404 1315 Quibus
444 1265 531 1307 alia
568 1265 839 1321 adiungenda
877 1267 1021 1321 erunt,
1066 1266 1104 1307 si
1140 1266 1237 1321 quis
1276 1279 1405 1320 quam
1442 1279 1540 1308 vere
1570 1265 1686 1308 idem
1717 1265 1769 1308 de

236 1350 438 1378 versuum
469 1335 523 1390 II,
549 1338 583 1391 1,
618 1336 792 1378 13—-34
825 1337 1161 1392 interpolatione
1192 1337 1323 1379 latius
1354 1338 1530 1392 patente
1562 1337 1793 1394 suspicio--

238 1422 336 1449 nem
369 1407 518 1463 movit,
550 1407 759 1462 peculiari
791 1422 923 1463 opera
954 1405 1357 1464 pertractaveritffi).

357 1621 439 1664 Sed
481 1637 589 1678 quae
631 1637 684 1664 ex
722 1621 944 1677 utriusque
981 1621 1116 1664 fontis
1154 1621 1452 1677 discrepantiis
1489 1620 1766 1664 difficultates

234 1696 472 1735 nascuntur
505 1709 602 1736 cum
634 1707 802 1748 sperem
833 1692 939 1747 fore,
970 1695 1019 1734 ut
1043 1693 1125 1734 hac
1151 1707 1279 1748 quam
1304 1691 1575 1735 instituimus
1605 1692 1766 1748 disqui-

235 1765 391 1807 sitione
424 1765 570 1819 aliqua
603 1779 653 1806 ex
684 1767 806 1819 parte
839 1763 1087 1806 sublevatae
1115 1763 1396 1818 sublataeque
1422 1763 1521 1819 sint,
1550 1763 1648 1818 ipsa
1671 1763 1764 1806 fon-

234 1837 344 1878 tium
376 1835 629 1891 depravatio
660 1850 749 1877 non
782 1834 949 1875 desinet
980 1834 1227 1876 criticorum
1251 1833 1428 1889 ingenia
1451 1824 1659 1877 exercere.
1695 1833 1765 1876 Ad

235 1908 440 1950 molestas
462 1909 606 1949 autem
637 1906 682 1947 111
714 1905 821 1960 ipsis
841 1905 985 1947 verbis
1017 1905 1293 1947 restituendis
1325 1905 1615 1947 dubitationes
1635 1919 1764 1959 quae-

235 1978 654 2024 stiones„accedunt
694 1977 1050 2019 intricatissimae
1088 1975 1139 2017 de
1177 1976 1364 2030 pristina
1400 1976 1574 2018 fabulae
1610 1975 1764 2030 forma,

235 2050 286 2092 de
324 2050 490 2092 lacunis
530 2049 766 2091 maioribus
799 2048 1142 2103 minoribusque,
1181 2047 1365 2102 denique
1402 2047 1454 2088 de
1484 2046 1580 2101 ipsa
1609 2048 1763 2101 poetae

235 2119 550 2175 compositione
563 2117 627 2176 ²⁷).
689 2118 807 2168 Quae
848 2117 1020 2173 quidem
1061 2117 1333 2173 quaestiones
1374 2120 1422 2159 ut
1462 2131 1590 2172 saepe
1630 2116 1761 2158 etiam

236 2192 288 2234 ad
330 2191 506 2246 singula
543 2189 842 2232 constituenda
879 2188 1028 2243 magni
1065 2190 1166 2229 sunt
1202 2188 1411 2230 momenti
1455 2203 1505 2230 ac
1548 2187 1762 2243 ponderis,

329 2357 389 2398 25)
415 2354 529 2389 Velut
554 2353 653 2398 quod
678 2354 706 2398 I,
733 2357 766 2396 2,
786 2356 830 2388 83
856 2354 1012 2396 uterque
1038 2351 1121 2387 fons
1147 2363 1233 2386 nam
1259 2353 1297 2387 et
1321 2354 1354 2387 te
1377 2351 1493 2387 habet
1519 2362 1586 2397 pro
1609 2361 1698 2386 mam
1722 2351 1762 2386 et

232 2427 287 2451 me
312 2426 334 2449 a
360 2413 558 2459 Spengelio
584 2413 775 2458 repositis,
814 2412 873 2447 vel
899 2412 932 2455 Ι,
959 2415 998 2456 2,
1027 2416 1110 2454 101,
1148 2411 1213 2447 ubi
1239 2413 1325 2447 abeo
1350 2422 1416 2457 pro
1443 2412 1532 2447 adeo
1556 2410 1759 2454 continent,

232 2474 293 2509 vel
318 2473 364 2518 ΙΙ,
391 2477 425 2517 2,
447 2478 501 2516 11,
527 2472 591 2507 ubi
616 2482 678 2516 eqo
704 2471 903 2506 delendum
929 2481 1008 2505 esse
1033 2470 1293 2506 Fleckeisenus
1318 2469 1414 2505 vidit
1436 2470 1461 2505 l.
1488 2482 1515 2505 s.
1542 2482 1571 2505 s.
1596 2470 1622 2505 t.
1650 2467 1697 2504 CI
1721 2480 1758 2514 p.

234 2537 301 2568 783
337 2535 375 2568 et
405 2533 491 2577 post
517 2543 600 2566 eum
627 2529 847 2565 Boeckelius
871 2530 895 2565 l.
923 2541 949 2564 s,
977 2541 1003 2564 s.
1030 2541 1065 2574 p.
1092 2533 1137 2563 20
1163 2530 1288 2574 (antea
1311 2529 1406 2563 enim
1433 2527 1670 2574 Spengeliun,
1705 2539 1760 2562 me

232 2593 460 2628 Dombartus
491 2590 767 2633 removebant);
806 2588 850 2623 cf.
878 2589 911 2631 I,
937 2593 975 2632 2,
1002 2591 1065 2631 9ος
1105 2589 1155 2632 11,
1183 2592 1220 2632 1,
1247 2591 1302 2622 23.
1354 2587 1427 2622 Sed
1456 2587 1551 2623 talia
1579 2597 1654 2622 non
1684 2585 1757 2621 suf-

232 2651 387 2753 ficmzl'i)
420 2709 443 2744 l.
471 2722 498 2744 s.
525 2721 551 2744 s.
577 2720 614 2753 p.
641 2711 729 2751 851,
755 2705 844 2741 ibid.
870 2707 897 2740 t.
920 2704 998 2740 CIII
1025 2707 1074 2748 (a.
1094 2709 1199 2747 1871)
1224 2718 1260 2751 p.
1287 2709 1367 2742 818.
1417 2705 1552 2740 Versus
1578 2708 1624 2739 20
1649 2705 1688 2739 et
1711 2707 1758 2739 25

231 2768 333 2803 locos
360 2779 441 2803 esse
467 2767 668 2813 parallelos
693 2765 859 2811 Buggius
886 2764 982 2800 vidit
1005 2765 1029 2799 l.
1057 2777 1084 2799 S.
1111 2777 1137 2799 s.
1165 2777 1199 2809 p.
1226 2769 1311 2800 407:
1338 2764 1402 2799 sed
1426 2765 1570 2799 restant
1592 2763 1678 2798 alia..

327 2829 385 2870 27)
414 2826 466 2861 Cf.
495 2825 738 2871 Kiesslingius
764 2825 787 2860 1.
815 2836 841 2858 s.
869 2836 896 2858 s.
922 2835 959 2869 p.
986 2827 1064 2858 612.
