1904 3106
887 69 1151 110 -8-

254 174 509 229 easdemque
555 173 863 216 allitteratione
906 174 1101 230 insignes
1147 175 1201 217 ab
1243 175 1335 217 eius
1375 175 1449 231 qui
1486 175 1784 218 Palatinorum

255 246 541 301 archetypum
573 245 761 287 exararit
791 259 922 288 manu
953 245 1171 300 profectas
1205 260 1297 288 esse
1330 261 1379 288 eo
1411 246 1553 288 minus
1589 245 1787 290 concede-

254 332 349 358 mus
382 314 636 372 Buggio¹⁷)‚
677 316 779 371 quia
811 316 943 358 etiam
975 331 1058 372 quo
1090 317 1185 359 loco
1218 317 1398 359 eandem
1429 317 1544 360 idem
1574 317 1787 360 rationem

255 387 355 430 iniit
384 387 419 443 Ι,
444 388 485 443 2,
507 388 560 429 79
592 386 801 429 fefellisse
833 401 931 428 eum
963 387 1214 442 opinionem
1245 388 1499 431 videbimus.
1547 389 1656 432 Tam
1687 404 1786 432 con—

257 458 392 500 stanti
413 461 557 500 autem
579 457 887 500 consuetudine
914 459 1118 513 quoniam
1138 457 1475 502 Ambrosianum
1501 474 1552 502 ex
1578 460 1787 503 similium

255 530 452 572 locorum
473 529 799 584 comparatione
818 528 1128 583 interpolatum
1148 544 1242 572 esse
1262 530 1631 587 collustravimus,
1657 532 1788 574 etiam

257 601 372 657 quod
403 600 461 655 ΙΙ,
486 601 526 655 4,
552 601 608 642 33
636 600 826 654 yratulor
857 599 1034 642 exhibet
1064 615 1142 656 pro
1170 602 1326 656 yaudeo
1357 602 1450 644 sine
1481 602 1572 645 ulla
1601 602 1787 646 haesita-

255 673 374 715 tione
412 686 508 714 cum
539 671 818 713 Fleckeiseno
856 671 1175 714 removebimus
1187 670 1259 728 ¹⁸),
1295 673 1381 715 nisi
1420 673 1534 728 quod
1571 687 1660 716 non
1697 675 1789 716 tam

257 759 309 786 ex
353 743 716 798 interpretatione
760 756 889 797 quam
934 757 984 784 ex
1033 757 1181 784 versus
1219 742 1280 798 ΙΙ,
1312 743 1357 799 6,
1389 743 1446 786 35
1489 744 1788 788 recordatione

256 815 524 857 transfusum
561 828 653 856 esse
684 813 888 856 dicemus,
933 813 1070 863 Quem
1095 815 1247 856 contra
1272 829 1381 869 quae
1401 814 1610 858 Dziatzko
1645 815 1788 872 dispu-

256 886 369 929 tavit
405 900 608 941 perversa
644 885 782 927 utitur
818 885 1003 927 ratione:
1052 900 1155 927 nam
1191 899 1280 928 non
1312 899 1363 927 ex
1401 885 1538 940 ipsius
1571 885 1789 940 opinione,

258 957 331 999 sed
364 972 415 999 ex
447 956 699 1000 condicione
732 956 895 999 critica·
913 956 964 998 de
991 971 1139 998 versus
1166 956 1380 1011 scriptura
1405 955 1717 998 decernendum
1750 957 1789 998 ei

257 1027 424 1084 eratffl).
485 1028 606 1070 Idem
638 1028 752 1084 quod
789 1029 892 1082 quid
927 1028 972 1070 id
1005 1028 1092 1070 est?
1137 1027 1367 1070 Phronesii
1407 1026 1707 1082 quaestionem
1744 1027 1791 1070 in

257 1099 550 1143 continuando
589 1113 787 1141 sermone
823 1098 1158 1140 usitatissimam
1200 1097 1307 1140 adeo
1350 1097 1513 1152 pressit
1548 1098 1696 1141 nescio
1733 1113 1790 1141 an

257 1171 352 1226 ipse
379 1170 587 1213 concedat
611 1170 782 1212 inanius
808 1170 1032 1225 leviusque
1053 1184 1165 1224 esse3
1189 1169 1479 1223 primumdum
1503 1171 1648 1211 autem
1667 1159 1790 1224 illud)

257 1242 373 1297 quod
412 1257 496 1297 quo
537 1243 704 1296 spectet
740 1256 828 1283 non
846 1239 852 1245 ’
872 1241 998 1295 vidit,
1044 1240 1413 1295 simplicissimam
1457 1240 1790 1296 explicationem

257 1313 410 1355 habet:
441 1327 543 1354 nam
569 1313 605 1354 si
636 1327 789 1367 reapse
821 1315 995 1367 partum
1021 1311 1213 1354 ediderat
1238 1310 1543 1367 Phronesium,
1573 1312 1790 1367 primum

259 1384 398 1426 amico
439 1384 841 1440 congratulandi
879 1383 1071 1426 officium
1108 1369 1252 1424 fuerat
1287 1397 1423 1437 usque
1456 1397 1506 1425 eo
1538 1383 1651 1425 inter
1680 1383 1790 1425 alios

260 1470 479 1498 sermones
507 1471 533 1497 a
559 1455 795 1498 Diniarcho
827 1452 1147 1511 neglectum20).
1191 1453 1385 1509 Denique
1416 1469 1504 1496 non
1537 1453 1642 1496 satis
1675 1453 1792 1510 cogi-

260 1529 351 1568 tate
371 1526 581 1569 Dziatzko
609 1527 757 1569 attulit
781 1529 952 1582 partem
978 1540 1181 1568 versuum
1205 1526 1250 1567 in
1277 1525 1311 1567 P
1337 1525 1482 1568 omitti
1506 1525 1634 1581 idque
1665 1525 1790 1567 facile

259 1713 342 1746 nos3
381 1702 426 1738 cf.
452 1703 583 1740 Pseud.
610 1716 643 1740 v.
664 1706 733 1738 812
759 1702 955 1747 herbasque
980 1703 1155 1747 oyyeruut
1179 1702 1219 1736 et
1243 1700 1381 1736 Cistell.
1408 1701 1436 1745 I,
1465 1704 1496 1746 1,
1515 1704 1578 1736 72:
1610 1700 1661 1736 ad
1683 1701 1790 1736 satie—

261 1765 370 1797 tatem
394 1773 506 1808 usque
530 1764 677 1808 oyyerit.

357 1835 415 1878 17)
440 1834 466 1868 1.
493 1846 519 1869 s.
547 1846 574 1869 s.
602 1846 636 1878 p.
659 1837 744 1869 407:
783 1833 883 1868 ‘dass
907 1833 1054 1868 danunt
1077 1834 1200 1877 spc'iter
1224 1831 1412 1877 einyesetzt
1442 1832 1520 1867 sein
1549 1827 1667 1874 kann,
1701 1832 1792 1877 κεῖρε

263 1896 354 1928 truc.
382 1894 420 1936 I,
445 1897 484 1935 2,
506 1893 579 1929 79?

358 1965 415 2009 18)
441 1964 536 1999 Ann.
562 1963 653 2009 phil.
680 1965 707 1998 t.
735 1962 816 1998 CIII
842 1964 888 2007 (a.
912 1964 1017 2007 1871)
1043 1975 1078 2008 p.
1100 1966 1169 1998 810
1204 1961 1469 1998 ‘nimnzernwhr
1498 1964 1595 1998 wiire
1623 1961 1792 2007 gratulor

262 2023 379 2058 durch
402 2022 543 2067 yaudeo
567 2021 778 2067 ylossiert
803 2021 965 2064 worden,
989 2021 1057 2056 wol
1083 2021 1168 2056 aber
1194 2021 1254 2066 laq
1278 2021 1346 2056 das
1370 2022 1591 2067 umyekehrte
1614 2020 1736 2056 r'mhe’.

361 2095 419 2138 19)
445 2093 538 2128 Mus.
565 2093 683 2129 Rhen.
709 2094 736 2128 t.
757 2093 878 2128 XXIX
903 2093 949 2137 (a.
973 2093 1077 2135 1874)
1103 2105 1137 2138 p.
1159 2096 1222 2127 55:
1263 2092 1394 2128 ‘seimr
1426 2093 1464 2138 (i.
1491 2105 1521 2129 e.
1547 2091 1792 2136 Fleckeiseni)

272 2154 556 2198 Vertheidiyuny
586 2164 658 2188 von
685 2153 826 2198 qaudeo
856 2153 993 2187 stimme
1023 2153 1082 2187 ich
1111 2163 1173 2186 um
1202 2162 1241 2187 so
1271 2152 1426 2197 weuiyer
1456 2152 1528 2196 bei,
1560 2152 1616 2186 als
1639 2151 1698 2186 ich
1723 2151 1794 2186 deu

263 2224 404 2258 yanzeu
425 2212 512 2247 Vers
536 2213 602 2255 fu'r
627 2212 835 2256 interpolirt
858 2212 982 2247 halte’.
1017 2211 1130 2247 Porro
1150 2222 1282 2256 parum
1302 2211 1474 2246 accurate
1493 2210 1539 2246 de
1557 2209 1792 2246 Fleckeiseni

265 2271 451 2307 sententia
488 2270 635 2306 rettulit
671 2270 913 2314 (Fleckeisen
949 2270 1077 2304 nimmt
1113 2281 1163 2304 an
1199 2270 1263 2304 der
1293 2269 1499 2304 erwdhnten
1530 2269 1793 2314 Widerholwny

264 2331 438 2374 ebeusalls
464 2330 636 2374 Austoss,
672 2330 754 2364 rath
780 2329 866 2364 aber
890 2340 964 2363 nur
985 2328 1032 2372 ja
1056 2328 1159 2363 nicht
1186 2328 1250 2371 II,
1277 2331 1312 2370 6,
1331 2331 1379 2362 35
1404 2338 1451 2362 zu
1474 2327 1696 2373 streicheu'),
1727 2327 1793 2372 qui

265 2390 413 2424 tantum
432 2388 555 2433 abest,
581 2389 624 2423 ut
643 2387 808 2423 offendat
826 2387 864 2422 in
883 2386 1051 2432 repetitis
1076 2386 1341 2430 locutionibus,
1367 2387 1409 2420 ut
1433 2386 1533 2421 recte
1557 2385 1597 2421 in
1622 2385 1793 2422 sollemni

264 2447 426 2483 formula
451 2448 489 2482 id
514 2447 614 2483 haud
640 2446 928 2491 vituperandum
955 2457 1034 2481 esse
1060 2445 1232 2481 declaret.

361 2520 421 2562 20)
447 2518 471 2552 1.
492 2530 519 2552 s.
542 2530 567 2553 s.
598 2517 861 2553 ‘Phronesium
884 2517 952 2552 soll
975 2517 1070 2551 uach
1102 2515 1143 2550 V.
1163 2518 1220 2551 31.
1242 2518 1292 2551 32
1317 2516 1409 2550 noch
1431 2515 1533 2550 nieht
1555 2515 1694 2558 missen,
1717 2525 1794 2549 was

266 2578 498 2613 Diniarehus
521 2577 587 2611 mit
611 2578 728 2612 seiuer
753 2576 877 2621 Fraye
900 2577 1030 2611 meiut!
1069 2575 1233 2618 Worauf
1250 2575 1318 2610 soll
1341 2574 1418 2609 sich
1441 2574 1564 2617 ferner
1586 2574 1654 2609 das
1679 2584 1730 2608 au
1753 2583 1793 2608 so

266 2637 572 2682 hervorrayeuder
597 2637 704 2672 Stelle
730 2636 939 2680 befirzdliehe
966 2635 1222 2670 Primumdum
1256 2632 1445 2669 beziehen?
1472 2661 1479 2668 .
1502 2660 1509 2667 .
1531 2661 1538 2668 .
1582 2632 1656 2668 Die
1687 2631 1794 2667 Verse

268 2700 315 2731 33
325 2709 359 2738 α,
379 2699 457 2732 34α
476 2696 555 2731 und
574 2695 650 2730 3411
676 2695 793 2730 haben
817 2694 893 2729 sich
918 2705 992 2728 uur
1017 2694 1066 2728 im
1091 2694 1166 2728 cod.
1190 2693 1223 2728 A
1249 2692 1567 2735 erhalten„wori‘n
1590 2702 1678 2726 man
1701 2691 1794 2726 wohl

268 2756 327 2789 ein
354 2755 507 2789 Zeicheu
536 2756 641 2790 selaeu
677 2754 781 2797 darf,
819 2754 904 2788 dass
935 2753 994 2787 ein
1023 2752 1124 2787 Theiz
1155 2753 1276 2797 obiyer
1308 2751 1414 2786 Verse
1446 2751 1703 2796 ursprunylick
1733 2761 1793 2785 am

272 2812 400 2847 Ranae
426 2813 488 2847 cler
514 2813 807 2855 Handschrifteu
830 2812 1026 2857 qestanderz
1051 2811 1140 2846 hat’.
