1904 3106
653 133 975 176 -107—

58 242 141 285 Hie
181 242 365 299 paginae
402 241 500 282 finis
538 242 620 295 est3
666 239 884 296 sequentis
922 239 1022 295 quid
1060 239 1224 294 primus
1262 253 1408 280 versus
1447 238 1578 280 conti-

58 313 201 355 nuerit
218 313 429 356 incertum
449 314 526 366 est,
557 311 629 353 sed
654 313 830 365 eertum,
856 311 968 353 hune
988 312 1181 352 secutum
1204 324 1296 352 esse
1317 324 1488 351 versum
1508 310 1577 352 36.

59 383 153 427 Iam
182 383 391 427 habemus
422 383 502 426 hos
534 396 698 425 versus:

117 489 218 533 Non
247 489 580 532 meministi‘me
612 491 787 530 auream
819 487 872 529 ad
903 491 947 530 te
979 487 1147 530 adferre
1178 488 1316 531 natali
1344 488 1411 531 die

118 559 332 615 Lunulam
363 561 490 616 atque
522 559 707 602 anellum
739 559 959 601 aureolum
990 557 1034 600 111
1066 558 1262 614 digitum.
1331 558 1444 600 VIR.
1489 557 1575 599 Me-

1188 628 1310 683 mini,
1342 629 1403 671 mi
1435 629 1577 671 homo.

116 702 236 745 Tune
266 702 303 744 is
335 704 409 744 es?
482 700 567 743 ΕΡ.
610 700 706 757 Ego
746 715 839 742 sum
870 701 914 742 et
944 699 1041 742 istic
1072 699 1208 742 frater
1238 699 1314 754 qui*
1340 703 1384 742 te
1416 715 1575 743 merca-

1186 773 1279 813 tust
1308 774 1419 813 tuos.

57 879 151 922 Iam
181 879 308 922 facile
344 879 558 935 quispiam
594 878 823 922 coniecerit
865 878 994 920 verba
1034 878 1122 920 alia
1160 881 1305 933 matre,
1342 892 1425 920 uno
1453 882 1577 932 patre

59 965 152 994 esse
176 951 447 1005 interpolata,
471 950 516 993 id
542 950 655 1006 quod
680 949 908 1005 quominus
935 949 1220 1004 probabiliter
1246 951 1473 1004 statuatur,
1500 950 1575 991 im-

57 1022 175 1077 pedit
209 1021 531 1064 Ambrosianus.
583 1020 714 1063 Cuius
753 1020 797 1063 in
828 1021 966 1076 primo
998 1021 1182 1077 paginae
1214 1036 1340 1063 versu
1372 1020 1472 1076 quid
1506 1036 1573 1062 ex-

58 1091 216 1151 stiterit
252 1093 334 1135 etsi
370 1092 456 1148 legi
491 1092 657 1147 nequit,
700 1095 844 1134 tamen
881 1093 975 1148 quis
1006 1092 1185 1148 negabit
1215 1091 1439 1148 probabile
1472 1105 1575 1146 esse,

58 1177 229 1205 versum
259 1163 320 1206 sie
351 1163 523 1206 exiisse.

902 1234 990 1276 alia
1019 1236 1168 1289 matre,
1200 1235 1286 1276 uno
1318 1237 1441 1290 patre
1462 1260 1516 1265 —
1527 1237 1549 1277 ἱ)

55 1267 238 1358 Videtur
267 1316 402 1372 igitur
430 1317 475 1358 in
505 1316 578 1359 BJ
610 1317 763 1360 lacuna
794 1331 888 1358 esse
920 1317 1159 1360 statuenda.

171 1409 298 1465 Epid.
328 1409 350 1452 I
384 1412 420 1466 1,
451 1412 507 1454 59
528 1426 618 1467 sqq.
648 1411 738 1453 fere
768 1411 878 1453 tales
910 1413 1011 1453 sunt
1042 1411 1087 1453 in
1118 1411 1208 1454 BJ:

619 1505 773 1548 Nescio
807 1505 958 1561 edepol
990 1505 1092 1560 quid
1126 1509 1173 1549 tu
1205 1506 1381 1549 timidus
1414 1524 1458 1550 es

113 1573 320 1629 Trepidas
367 1548 557 1631 Epidico.
630 1575 692 1618 ita
732 1577 895 1619 voltum
936 1579 1057 1618 tuum
1097 1577 1243 1619 videor
1281 1578 1423 1621 videre
1461 1595 1571 1622 eom-

1184 1649 1388 1691 meruisse

113 1715 196 1759 Hic
226 1732 294 1759 me
325 1719 503 1760 absente
534 1719 580 1760 in
611 1721 654 1761 te
685 1718 848 1774 aliquid
879 1719 994 1761 mali.

52 1809 215 1853 Prioris
246 1826 393 1854 versus
424 1812 511 1854 tale
543 1812 767 1854 constituit
790 1813 961 1855 initium
981 1812 1203 1869 Augustus
1223 1814 1364 1856 Luchs
1385 1814 1569 1858 Hermae

53 1881 135 1923 vol.
166 1880 228 1923 VI
261 1881 316 1937 (a.
351 1881 482 1938 1873)
512 1898 553 1938 Ρ.
584 1884 690 1925 273:

111 1985 268 2034 Nescio
299 1987 372 2042 pol
403 1987 502 2042 quid
534 1990 581 2030 tu
611 1987 778 2030 timidu'
781 2004 812 2031 s.
872 1989 1063 2044 trepidas
1095 1979 1274 2045 Epidiee
1307 2007 1341 2033 e.
1372 2007 1411 2047 q.
1444 2008 1477 2035 s.

52 2089 102 2131 In
145 2090 262 2133 exitu
304 2106 382 2147 pro
425 2093 487 2135 ita
529 2092 748 2136 Acidalius
790 2095 870 2146 uti,
915 2094 1157 2150 Geppertus
1202 2100 1248 2138 ut
1291 2098 1573 2142 coniecerunt.

52 2160 256 2203 Alteruni
287 2165 432 2205 autem
469 2178 638 2206 versum
671 2180 697 2206 a
726 2165 838 2207 video
868 2165 1056 2220 incipere
1087 2167 1314 2210 voluerunt
1344 2169 1426 2211 viri
1457 2170 1571 2212 docti

53 2230 217 2273 adscita
247 2231 480 2275 Camerarii
517 2236 560 2275 et
590 2233 807 2277 Gulielmii
844 2236 1090 2278 coniectura
1127 2236 1258 2291 (video
1294 2253 1372 2293 pro
1402 2241 1567 2293 m'deor).

50 2299 194 2356 Atque
243 2302 369 2345 initia
419 2318 616 2346 versuum
666 2309 780 2347 recte
809 2307 1065 2349 'constituta
1114 2322 1206 2350 esse
1255 2309 1569 2355 Ambrosianus

50 2370 193 2426 docet,
223 2371 269 2414 in
299 2387 382 2428 quo
414 2373 518 2417 haec
550 2379 777 2430 apparent:

261 2471 563 2570 NESQIoEDie

259 2603 640 2664 umnenumnn

0 2734 6 2763 ‘r
51 2707 169 2759 Quae
194 2725 290 2754 cum
315 2715 430 2756 reete
454 2714 641 2757 viderint
665 2716 746 2758 viri
771 2717 904 2774 docti,
934 2722 1080 2763 tamen
1111 2721 1384 2766 vehementer
1415 2722 1566 2766 dubito

49 2778 251 2823 eodemne
282 2781 372 2824 iure
401 2784 538 2826 videor
567 2784 612 2827 in
630 2785 915 2830 Ambrosiano
946 2803 1111 2845 quoque
1142 2791 1348 2834 traditum
1380 2793 1422 2834 in
1453 2794 1565 2843 video

0 2851 9 2872 ³‘
49 2850 256 2895 mutatint
285 2865 428 2896 necne,
488 2853 552 2899 cf,
583 2853 744 2901 Cistell.
776 2856 818 2902 II
848 2858 888 2915 3,
923 2860 965 2905 1:
