1904 3106
692 129 1013 172 -175-

85 235 325 282 Ritschelio
357 239 660 293 apparuerunt.
709 235 806 292 Ego
835 236 949 278 enim
981 250 1067 278 non
1095 231 1613 286 QUTPOTESTNMMU-

85 307 446 351 LIERUITARE
567 305 1086 361 UITETOE‘COTJDIE‚
1126 306 1199 349 sed
1237 306 1382 361 potius
1421 303 1614 358 QU1PO-

87 379 262 422 TIESN
282 391 295 404 ⁰
313 392 325 405 ·
345 377 939 435 MULlERUITAREUITE
964 389 976 402 ·
999 390 1011 402 ·
1034 390 1046 402 ·
1068 390 1081 402 ·
1110 375 1428 420 UTCOTIDIE
1455 374 1615 417 notavi.

85 450 231 506 Atque
274 450 387 506 quod
426 450 560 504 potioe
602 447 775 490 exhibet
823 449 1149 504 palimpsestus,
1199 463 1294 490 eam
1337 447 1477 490 levem
1522 460 1612 487 eor-

86 522 303 577 ruptelam
346 535 441 564 esse
478 523 583 576 puto
621 534 700 575 pro
732 520 863 575 potis,
903 534 1031 575 quam
1068 519 1252 562 formam
1290 519 1376 561 iam
1416 515 1610 571 Scaliger

86 593 303 646 restituit„
329 592 436 636 Post
454 592 496 635 N
515 591 774 634 videbantur
793 591 911 633 velut
931 590 1000 633 OS
1020 591 1087 633 vel
1107 590 1194 645 EC,
1220 594 1320 633 aute
1339 588 1417 632 UT
1438 590 1609 643 praeter

87 663 123 705 T
155 663 272 706 3-4
310 663 498 706 minores
535 663 709 706 litterae
745 663 886 704 locum
924 661 1096 704 habere.
1158 662 1270 704 Hinc
1308 675 1440 703 unum
1477 673 1613 714 paene

86 748 164 789 pro
196 737 314 776 certo
346 734 625 788 concluseris,
664 733 752 775 iam
783 734 829 775 in
861 732 898 775 A
931 736 974 775 et
1004 731 1119 775 BCD
1151 733 1359 775 librorum
1393 730 1611 773 communi

85 803 206 846 fonte
237 819 410 846 versum
441 807 691 860 corruptum
717 804 946 846 exstitisse.
1013 802 1058 846 Si
1084 807 1228 846 autem
1261 804 1305 845 in
1331 802 1369 844 A
1396 802 1501 844 olim
1527 801 1611 842 fuit

87 871 1545 924 QUIPOTIESNOSMULIERUITAREUITETHSUTCOTIDIE
1560 896 1609 903 —

92 945 207 1001 quod
232 960 336 988 sane
359 950 428 989 sat
454 950 567 990 esset
586 947 783 994 mirabile
807 971 873 1001 -,
899 946 1165 1001 corruptelae
1185 946 1398 1001 originem
1418 945 1482 986 ita
1500 943 1616 998 quis-

87 1015 205 1071 piam
235 1016 530 1072 explicaverit,
566 1019 614 1058 ut
650 1016 875 1070 mulier[es]
913 1020 1134 1070 tamquam
1179 1016 1613 1071 interpretamentum

87 1100 163 1129 nos
183 1087 364 1130 voculae
383 1087 665 1142 adscriptum,
688 1090 840 1142 postea
860 1101 960 1129 vero
981 1087 1026 1128 in
1046 1087 1189 1142 ipsum
1209 1102 1380 1129 versum
1399 1087 1615 1128 intrusum

90 1156 205 1209 aliud
238 1157 361 1213 quid,
393 1157 513 1199 velut
535 1157 720 1211 penitus,
753 1157 992 1212 expulsisse
1023 1159 1207 1200 censeat.
1268 1157 1391 1199 Unde
1423 1157 1613 1198 eveniret

87 1226 194 1270 haec
219 1243 367 1270 versus
393 1227 618 1282 scriptura,
643 1230 691 1269 ut
715 1227 932 1269 neminem
958 1227 1084 1293 fugit,
1103 1242 1311 1283 perquam
1337 1227 1613 1270 dubitabilis:

90 1299 165 1351 qui
182 1299 296 1352 potis
325 1312 413 1341 nos
435 1298 639 1352 penitu's
661 1298 806 1352 uitare,
830 1298 868 1340 is
891 1300 1012 1340 uitet:
1043 1302 1091 1340 ut
1113 1300 1257 1341 cotidie
1288 1331 1297 1340 .
1318 1332 1326 1340 .
1348 1332 1357 1340 .
1411 1297 1612 1340 Ceterum

95 1368 319 1423 utriusque
344 1365 605 1412 recensio‘nis
637 1368 897 1423 archetypus
929 1369 974 1410 in
993 1383 1118 1411 versu
1143 1370 1216 1425 qui
1236 1370 1430 1425 sequitur
1451 1383 1618 1424 quoque

91 1439 341 1494 corruptela
370 1439 539 1481 videtur
570 1438 818 1493 inquinatus
850 1438 1001 1482 fuisse:
1042 1441 1130 1496 legi
1162 1441 1278 1482 enim
1304 1440 1349 1482 in
1381 1440 1418 1481 A
1452 1438 1614 1481 POST-

90 1508 314 1565 TRIDIE,
345 1510 458 1565 quod
489 1510 595 1552 item
626 1513 750 1552 vetus
783 1510 969 1552 exhibet.

206 1579 259 1623 V.
293 1580 377 1622 152
412 1579 674 1623 Ritschelius
712 1581 885 1635 scripsit
921 1583 962 1623 .ςὶ
994 1595 1098 1635 quae
1131 1582 1236 1634 forte
1273 1595 1322 1624 ex
1353 1566 1463 1624 A'se'a
1492 1582 1618 1624 nauis

89 1649 178 1692 he‘ri
206 1664 255 1692 eo
285 1654 361 1692 aut
388 1650 503 1692 hodie
527 1651 693 1704 udnem‘t,
725 1654 895 1692 secutus
926 1655 975 1693 ut
1005 1654 1132 1706 putat
1157 1652 1507 1694 Ambrosianum.
1551 1653 1613 1695 At

90 1721 128 1762 is
158 1735 246 1763 non
275 1719 488 1775 EOAUT,
520 1721 594 1763 sed
624 1720 785 1776 KAUT
821 1721 1014 1776 exhibet,
1046 1737 1156 1777 quae
1188 1725 1254 1764 est
1283 1723 1392 1765 falso
1424 1725 1617 1778 aspirata

90 1794 166 1833 aut
193 1790 423 1846 particula,
466 1793 515 1832 ut
544 1791 655 1833 nihil
697 1791 887 1833 medelae
925 1807 976 1834 ex
1013 1793 1296 1848 palimpsesto
1334 1795 1426 1848 peti
1463 1794 1614 1849 possit.

92 1859 292 1903 ceterum
325 1876 361 1903 v.
394 1861 479 1904 150
509 1861 934 1919 KICARCESSHO
967 1864 1091 1906 idem.

209 1930 262 1972 V.
292 1931 375 1973 190
403 1931 717 1975 Ambrosianus
750 1934 906 1976 dicitur
939 1934 1116 1975 eandem
1149 1949 1246 1976 cum
1278 1935 1490 1977 Palatinis
1523 1950 1614 1977 cor-

92 2001 308 2056 ruptelam
338 2014 479 2043 cenam
507 2003 612 2055 foris
642 2004 844 2058 traxisse,
876 2019 972 2046 cum
1004 2008 1118 2046 recte
1145 2004 1515 2047 GENEMFORIS
1549 2021 1615 2047 ex-

0 2064 2 2066 ’
91 2071 254 2113 hibeat.
312 2070 366 2112 V.
400 2071 482 2113 193
515 2072 875 2116 MEUTMORES
906 2074 973 2115 vel
1003 2074 1346 2117 MEUTMORIS
1379 2077 1423 2117 in
1455 2090 1505 2117 eo
1538 2080 1616 2117 est.

212 2142 276 2184 De
313 2157 352 2183 v.
383 2142 469 2184 203
501 2145 545 2184 et
574 2142 837 2186 Ritschelius
876 2148 918 2186 et
958 2144 1197 2199 Geppertus
1235 2161 1275 2200 p.
1307 2146 1363 2188 39
1402 2147 1469 2188 bis
1507 2146 1618 2188 falsa

3 2215 43 2280 ,ζα
92 2212 328 2268 proferunt.
387 2211 538 2268 Neque
577 2213 690 2255 enim
722 2213 926 2256 COGAlA
958 2215 1026 2256 vel
1058 2213 1315 2271 COGAN'I‘,
1354 2232 1490 2272 neque
1525 2216 1620 2258 PA-

94 2293 214 2336 ΕΑΒ
233 2307 274 2319 ··
297 2296 325 2338 ιι
347 2295 415 2336 vel
438 2294 733 2350 PARASSIT,
759 2296 832 2338 sed
858 2285 1092 2339 COGNAT
1117 2301 1160 2339 et.
1184 2297 1481 2341 PARARAIT
1515 2299 1616 2341 scri-

6 2367 22 2406 z'
94 2368 219 2420 ptum
244 2368 321 2407 est.
371 2364 487 2407 Num
514 2366 691 2408 alterius
718 2367 835 2409 vocis
861 2367 989 2409 tertia
1015 2367 1052 2408 A
1080 2367 1228 2410 littera
1253 2369 1357 2410 item
1383 2372 1431 2411 ut
1455 2369 1613 2423 prioris

95 2434 138 2477 N
162 2438 321 2490 puncto
341 2435 482 2478 deleta
501 2437 569 2492 sit,
594 2451 704 2479 nunc
725 2436 909 2479 discerni
933 2438 1082 2492 nequit
1102 2439 1157 2480 ob
1178 2439 1268 2481 eius
1288 2439 1374 2481 loci
1394 2439 1608 2480 defectum

25 2550 30 2551 ⁷
95 2505 371 2547 membranae
415 2508 458 2547 et
498 2507 841 2561 superinductam
881 2522 1037 2550 novam
1079 2509 1350 2564 scripturam.
1413 2508 1614 2551 Ceterum

27 2570 36 2611 Ϊ
97 2574 303 2631 chperti
325 2578 523 2630 parassit,
559 2576 671 2631 quod
701 2580 750 2619 ut
780 2578 825 2619 in
856 2581 1022 2620 textum
1056 2580 1312 2634 recipiamus
1346 2580 1420 2620 ille
1453 2579 1614 2633 suadet,

35 2652 37 2654 ’
95 2645 166 2687 vel
196 2647 311 2687 certo
342 2646 496 2687 talium
526 2647 572 2688 in
603 2648 695 2689 -ssit
723 2647 960 2690 formarum
991 2664 1071 2691 usu
1101 2650 1289 2691 reicitur.

215 2715 266 2756 V.
298 2716 384 2757 214
415 2716 667 2770 planissime
698 2716 1085 2762 CONTENUUM:
1121 2720 1171 2761 cf.
1204 2719 1469 2773 ‘contenere',
1503 2719 1614 2761 ‘con-

28 2810 56 2857 4·
98 2785 260 2840 iecere’,
291 2785 551 2841 ‘confecere2
583 2792 777 2831 sescenta
807 2789 850 2830 id
882 2803 1016 2844 genus
1048 2791 1144 2832 alia.

217 2855 269 2898 V.
300 2857 386 2899 228
418 2857 557 2899 scribe
590 2856 825 2914 ‘strigilim’
858 2874 952 2901 cum
984 2860 1284 2902 Am’brosiano.
