1904 3106
924 88 1217 129 ..ὅθ-

307 191 430 232 illam
462 189 514 246 (Ι,
543 193 579 245 1,
600 191 674 246 68,
707 192 746 246 2,
767 191 861 247 92),
893 207 1021 247 quam
1047 207 1212 234 meram
1243 195 1371 248 putat
1397 193 1718 236 simulationem
1749 207 1841 235 esse

306 276 384 303 nec
442 277 594 317 reapse
644 263 792 304 adesse
850 263 1062 306 infantem
1120 264 1310 320 aliquem
1365 265 1465 307 scit:
1521 264 1590 307 his
1645 263 1841 306 versibus

307 333 546 374 certissime
585 332 697 375 ‘eum
736 333 932 388 puerum'
972 339 1290 379 commemorat.
1354 335 1471 386 Quae
1512 349 1608 377 cum
1646 335 1710 377 ita
1753 335 1842 377 sint

307 403 439 444 etiam
471 404 618 457 opinor
642 418 721 458 pro
747 418 849 458 011113
875 402 969 460 (est)
1002 406 1211 448 insertum
1243 407 1314 449 vix
1340 406 1516 462 probari
1540 405 1716 461 poterit,
1741 420 1840 448 cum

308 475 410 529 quia
442 474 590 515 eadem
623 475 790 517 ratione
821 475 896 530 IV,
922 477 962 527 4,
990 477 1046 518 20
1077 478 1204 519 redit:

398 556 471 598 Di.
521 557 647 600 Nunc
680 572 860 613 puerum
892 559 1031 601 redde.
1066 559 1177 602 Phr.
1208 550 1348 602 immo
1381 560 1538 602 amabo
1563 562 1612 602 ut
1642 560 1722 602 hos
1749 559 1840 602 dies

879 630 1047 685 aliquos
1081 631 1200 673 sinas

521 699 635 742 Eum
669 701 760 742 esse
793 701 907 755 apud
939 716 1019 742 me.
1059 701 1134 744 Di.
1166 700 1370 743 Minume.
1407 701 1518 744 Phr.
1548 700 1726 744 Amabo.
1764 699 1840 742 Di.

880 771 1010 824 Quid
1031 786 1081 814 eo
1106 773 1278 826 opust?
1313 772 1426 814 Phr.
1450 772 1502 815 In
1527 774 1619 814 rem
1644 774 1840 815 meamst.

308 858 402 896 tum
440 869 541 897 vero
581 855 696 910 quia,
735 855 907 897 etiamsi
946 871 997 898 ex
1029 855 1262 911 ‘opinione’
1294 858 1464 898 tantum
1497 855 1840 911 suppositionem

307 925 565 968 Diniarchus
598 926 685 968 iam
713 928 980 968 commentus
1008 930 1117 980 erat,
1151 930 1294 970 mente
1318 942 1406 970 non
1437 926 1840 982 comprehendimus

307 1000 528 1052 comperta
571 997 720 1039 fraude
762 998 927 1041 amicae
969 998 1042 1054 qui
1084 1001 1207 1041 tanto
1251 1001 1426 1054 stupore
1468 998 1679 1041 exclamet
1708 997 1770 1052 ΙΙ,
1799 997 1840 1051 4,

309 1069 366 1110 80
381 1084 491 1124 sqq:

519 1139 602 1182 Pro
635 1140 677 1182 di
709 1139 989 1195 immortalis,
1019 1143 1106 1183 non
1139 1141 1325 1183 amantis
1356 1141 1548 1183 mulieris
1555 1175 1566 1196 ,

521 1210 606 1254 Sed
638 1211 932 1256 unanimantis
966 1212 1106 1254 sociae
1138 1212 1308 1255 fidentis
1339 1212 1442 1268 fuit,

521 1281 722 1325 Officium
753 1282 895 1324 facere
929 1283 1042 1338 quod
1074 1284 1202 1326 modo
1235 1284 1340 1326 haec
1371 1282 1476 1326 fecit
1506 1283 1631 1326 mihi:

522 1352 877 1409 Suppositionem
909 1354 1034 1408 pueri
1066 1369 1173 1409 quae
1205 1355 1313 1397 mihi
1345 1354 1544 1410 eredidit,

521 1424 762 1467 Germanae
794 1425 908 1481 quod
940 1426 1078 1468 sorori
1108 1441 1196 1468 non
1227 1424 1363 1467 credit
1393 1441 1527 1468 soror.

523 1496 725 1539 Ostendit
757 1512 849 1539 sese
881 1498 970 1539 iam
1002 1497 1111 1539 mihi
1142 1498 1393 1539 medullitus

521 1566 574 1609 Se
606 1567 713 1609 mihi
745 1567 963 1610 infidelem
994 1571 1216 1624 nunquam
1249 1569 1349 1610 dum
1381 1569 1501 1611 vivat
1530 1568 1636 1612 fore.

306 1652 445 1694 Immo
485 1651 669 1706 simplex
707 1650 931 1693 Diniarchi
977 1651 1198 1706 ingenium
1236 1667 1262 1693 a
1298 1652 1378 1694 tali
1423 1651 1666 1707 suspicione
1702 1651 1838 1709 longe

306 1727 522 1766 remotum
573 1724 677 1764 erat.
748 1722 842 1764 Iam
892 1737 993 1765 vero
1042 1722 1151 1764 haec
1195 1723 1231 1764 si
1275 1723 1420 1770 animo
1464 1721 1837 1778 comprehenderis

306 1795 504 1849 idemque
537 1794 574 1834 si
604 1794 870 1848 reputaveris
902 1809 989 1835 non
1020 1794 1148 1835 modo
1181 1794 1404 1848 aptissime
1436 1809 1529 1836 sese
1561 1794 1771 1848 excipere:

519 1863 743 1919 Peperisse
776 1864 955 1906 simulat
987 1865 1079 1906 sese
1110 1868 1160 1907 ut
1191 1880 1258 1907 me
1290 1865 1490 1907 extrudat
1518 1864 1654 1919 foras,

521 1935 665 1991 Atque
696 1938 746 1977 iit
778 1951 874 1978 cum
907 1936 1000 1978 solo
1033 1938 1335 1991 pergraecetur
1365 1934 1527 1990 milite3

520 2006 631 2048 Mihi
664 2006 795 2048 verba
826 2009 944 2049 retur
975 2007 1077 2049 dare
1110 2007 1202 2049 sed:
1235 2022 1291 2049 an
1322 2021 1390 2049 me
1422 2006 1615 2048 censuit-

522 2077 671 2119 Celare
704 2093 749 2119 se
781 2079 953 2133 potesse
987 2078 1164 2134 gravida
1195 2077 1235 2120 si
1261 2078 1403 2121 foret?

307 2181 494 2226 particeps
510 2182 729 2227 Astaphium
751 2185 824 2218 est:
851 2183 947 2218 unde
968 2183 1029 2218 ubi
1051 2184 1208 2230 primum
1231 2183 1424 2228 conspexit
1442 2183 1484 2227 (Ι,
1504 2187 1537 2228 2,
1551 2185 1611 2229 26)
1637 2183 1686 2218 ad
1705 2193 1836 2219 cenam

306 2241 434 2284 vocat,
467 2240 537 2275 nisi
571 2241 670 2285 quod
697 2242 830 2276 deinde
856 2243 898 2276 ut
928 2243 971 2277 fit
994 2243 1032 2277 in
1059 2243 1223 2278 convitia
1247 2254 1285 2277 se
1311 2242 1434 2287 abripi
1458 2242 1600 2287 patitur
1630 2253 1714 2277 cum
1745 2239 1834 2277 adu-

307 2299 489 2344 lescente,
516 2311 624 2344 quem
646 2312 683 2335 se
708 2300 829 2346 ipsam
849 2302 971 2337 odisse
990 2313 1170 2346 nusquam
1191 2301 1403 2336 dissimulat
1421 2301 1478 2345 (Π,
1495 2305 1526 2345 1,
1542 2305 1579 2345 13
1606 2305 1638 2345 2,
1653 2302 1724 2346 65).
1748 2300 1835 2336 ·Sed

308 2358 455 2394 sceleris
487 2359 652 2404 cognitio
683 2361 727 2394 ut
758 2372 804 2395 ne
830 2360 996 2396 offendat
1027 2361 1152 2406 potius
1185 2371 1296 2405 quam
1329 2360 1455 2406 capiat
1483 2359 1627 2395 iuvenis
1658 2359 1835 2403 animum,

307 2418 379 2464 ipsi
406 2418 606 2462 aperienda
632 2418 774 2453 amicae
800 2420 872 2463 est,
904 2431 979 2454 non
1005 2418 1214 2454 ancillulae.
1263 2419 1359 2454 Hinc
1390 2418 1610 2464 explicanda
1639 2420 1727 2454 sunt
1748 2418 1782 2462 Ι,
1801 2422 1835 2463 2,

308 2482 352 2512 33
365 2489 445 2522 sqq.
472 2489 590 2522 neque
625 2489 667 2512 eo
694 2489 777 2512 cum
804 2477 955 2513 Goctzio
987 2478 1301 2522 descendendum,
1338 2479 1381 2513 ut
1409 2477 1588 2514 iocularia
1611 2477 1834 2523 Astaphium

308 2535 473 2580 proferre
511 2536 693 2572 dicamus:
734 2537 807 2571 ‘die
838 2537 1007 2572 Antwort
1043 2538 1107 2572 der
1137 2537 1359 2582 Astaphium
1392 2538 1440 2572 ist
1475 2537 1536 2572 ein
1570 2537 1836 2582 tibermu‘thiqer

309 2595 456 2638 Schera,
481 2596 530 2630 da
554 2596 606 2630 sie
630 2597 724 2630 nach
751 2597 815 2638 ΙΙ,
840 2600 873 2640 1,
894 2599 1012 2631 5.-13
1037 2597 1129 2631 wohl
1153 2596 1271 2638 weiss,
1297 2596 1382 2630 dass
1408 2596 1652 2631 Phronesium
1675 2605 1741 2630 vor
1764 2594 1835 2630 Di-

307 2655 439 2689 niarch
458 2655 575 2689 ‘niehts
592 2655 726 2700 yeheim
747 2655 870 2690 hulten
888 2655 1037 2691 we‘a'r.'de
1075 2655 1171 2690 Nam
1197 2654 1266 2690 tali
1291 2655 1496 2690 sententiae
1523 2665 1590 2690 nec
1614 2655 1696 2700 ipsa
1719 2655 1836 2690 verba
1900 2655 1904 2662 '

308 2713 336 2757 Ι,
365 2717 397 2756 1,
423 2717 466 2748 93
483 2726 561 2759 sqq.
588 2713 717 2750 favent
742 2716 781 2749 et
805 2716 932 2759 aperte
958 2715 1183 2759 refragatur,
1215 2714 1314 2758 quod
1339 2714 1562 2759 Astaphium
1587 2713 1747 2749 abeunte
1770 2712 1836 2748 Di-

309 2762 461 2807 niarcfio
487 2784 525 2808 se
551 2784 661 2817 aegre
687 2773 850 2808 animum
878 2773 1117 2817 continuisse,
1153 2784 1226 2808 non
1257 2772 1395 2808 lascive
1419 2773 1580 2808 iocatam
1605 2783 1685 2808 esse
1708 2771 1836 2818 prodit

309 2831 355 2874 ΙΙ,
384 2836 414 2877 1,
437 2837 472 2867 1:
501 2832 673 2874 Hahcdee,
699 2833 899 2877 requievi
922 2833 1010 2876 quia
1036 2833 1133 2867 intro
1159 2833 1251 2866 abiit
1275 2833 1398 2867 odium
1423 2843 1547 2868 meum.
