1904 3106
0 1407 18 1469 {1

0 1484 25 1588 ἒ

0 1589 33 1691 ἓ.

0 1687 22 1739 [3

0 1741 29 1826 ³

131 211 278 266 metri,
307 225 456 253 verum
493 210 626 252 etiam
663 209 965 251 concinnitatis
1003 223 1099 249 cum
1137 207 1431 248 emolumento
1462 206 1535 259 qui
1563 206 1652 259 qui-

125 283 217 326 dem
238 282 413 336 probust
440 295 519 337 pro
550 281 622 334 qui
650 280 813 334 quidem
837 279 959 333 probi
988 282 1097 321 sunt.
1145 277 1309 320 Verum
1339 276 1450 318 illud
1481 290 1650 332 quoque

127 353 275 408 miror,
303 355 397 395 tam
421 352 495 395 diu
520 366 669 395 omnes
700 351 747 393 in
766 349 1003 393 camerarii
1034 348 1348 404 supplementis
1375 347 1654 402 acquievisse.

130 422 246 466 Nam
275 438 356 479 pro
388 420 667 465 ‘hominibus’
700 437 725 463 a
757 421 911 463 Plauto
945 418 1119 462 ‘virum’
1151 418 1395 460 adhibitum
1432 432 1527 460 esse
1558 432 1654 459 eum

129 495 185 538 ob
222 495 364 550 ipsam
402 494 519 536 vocis
556 493 778 535 notionem
817 491 977 534 arridet
1013 491 1114 532 huic
1145 490 1384 532 sententiae
1417 503 1654 531 accommo-

129 565 342 608 datiorem
372 567 464 607 tum
497 565 553 606 ob
585 563 940 606 allitterationem
973 577 1068 604 cum
1101 561 1231 604 ‘vino’
1263 560 1656 603 Plautinissimam:

130 636 260 679 simul
289 639 433 678 autem
464 636 698 690 lucramur,
738 638 787 677 ut
817 649 894 690 per
924 633 1010 676 ‘vi’
1042 634 1236 689 syllabae
1266 633 1554 688 frequentiam
1587 647 1655 674 co-

133 700 287 749 dicum*
311 706 615 749 detrimentum
651 705 858 748 facillime
895 705 1144 760 explicetur.
1214 704 1365 760 Itaque
1407 705 1468 746 sic
1506 718 1654 746 versus

135 777 364 821 restituere
396 780 574 820 conatus
607 792 719 819 sum:

188 871 288 914 N6n
322 872 467 914 vinum
501 872 629 925 [vird]
661 871 877 914 moderari
910 871 1078 925 [solet]‚
1110 870 1183 912 sed
1217 870 1318 923 [vir]
1351 870 1451 912 vin6
1484 870 1597 913 solet

191 941 276 992 Qm‘
292 942 463 998 quidem
487 943 688 997 probust:
720 956 868 984 verum
894 942 1119 997 improbus
1144 941 1259 996 quist
1284 944 1454 996 guttam
1483 940 1522 983 si
1533 941 1656 995 bibit,

192 1012 291 1056 Sive
321 1013 429 1056 adeo
461 1014 578 1055 caret
606 1015 786 1067 temeto,
816 1014 965 1055 tamen
997 1013 1051 1054 ab
1083 1012 1260 1067 ingenio
1291 1012 1549 1068 improbust.

133 1106 216 1150 Sed
248 1107 302 1149 ad
331 1106 616 1149 Menandrum
646 1110 696 1149 ut
726 1107 898 1149 redeam
929 1107 997 1149 vel
1028 1107 1233 1149 incertior
1263 1107 1529 1163 generalium
1562 1122 1656 1149 sen-

137 1179 375 1245 tentiarum
406 1179 685 1234 congruentia
716 1181 794 1233 est,
823 1179 943 1220 velut
974 1178 1087 1233 quod
1118 1177 1273 1234 fragm.
1305 1177 1515 1221 CCXCII:

418 1274 499 1325 οὐχ
530 1273 632 1316 ὅθεν
662 1272 962 1324 ἀπωλόμεεθα,
996 1273 1227 1324 (ωθείημεν
1258 1272 1330 1322 ἄν;

134 1367 320 1423 quodam
350 1367 480 1410 modo
512 1368 701 1410 concinit
713 1365 766 1424 ⁵⁵)
798 1381 894 1409 cum
925 1367 1173 1409 Truculenti
1204 1381 1330 1409 versu
1361 1367 1436 1422 IV,
1472 1370 1507 1421 1,
1539 1368 1586 1410 9:

195 1461 348 1505 Sz‘ilvos
380 1477 475 1504 sum
506 1462 608 1517 quia
638 1461 785 1516 pereo:
817 1461 854 1502 si
884 1476 972 1503 non
1002 1463 1175 1515 peream
1207 1462 1334 1516 plane
1365 1462 1616 1515 interierim,

96 1555 101 1558 ’
136 1571 267 1612 quam
297 1556 514 1612 argutiam
545 1558 589 1597 et
619 1555 695 1597 alii
726 1555 954 1610 scriptores
979 1557 1025 1597 in
1050 1556 1215 1598 deliciis
1241 1556 1402 1598 habent
1417 1555 1470 1611 ⁵⁶)
1497 1560 1540 1598 et
1564 1557 1657 1611 ipse

134 1627 314 1670 Plautus
357 1626 529 1681 saepius
572 1628 753 1680 usurpat
766 1624 831 1681 ⁵⁷).
890 1625 980 1668 Nec
1021 1627 1163 1668 minus
1205 1641 1361 1682 anceps
1402 1630 1469 1668 est
1512 1627 1658 1682 opinio

137 1699 250 1754 quod
278 1697 435 1753 fragm.
466 1695 784 1739 CLXXXVHI:

232 1827 291 1870 55)
314 1826 412 1861 Nam
437 1825 547 1860 nimis
572 1826 674 1860 arcte
697 1825 792 1860 haec
815 1825 916 1870 apud
941 1825 1092 1861 saidam
1119 1827 1371 1872 explicantur:
1397 1827 1471 1862 ἀπὸ
1495 1830 1573 1862 τῶν
1599 1828 1655 1871 ἑχ-

137 1888 254 1930 θρῶν·
281 1886 507 1929 φοβούμενοι
530 1885 602 1928 γὰρ
625 1885 714 1919 τοὺ(
739 1885 894 1927 ἐχθροὺς
918 1885 1164 1929 ὠφελούμεθα
1188 1875 1275 1929 ‘stup‘
1300 1887 1436 1920 αὐτῶν.

230 1947 291 1986 56)
317 1943 371 1979 cf.
396 1944 494 1980 Plut.
521 1935 709 1988 Apophth.
734 1943 770 1976 II
794 1955 832 1988 p.
859 1947 925 1978 185
952 1945 1012 1988 (=
1032 1943 1209 1979 Themist.
1237 1947 1297 1988 29)
1322 1945 1533 1987 ἀπωλόμεθ’
1557 1946 1602 1979 ἂν
1628 1946 1658 1981 εἰ

139 2005 188 2047 μὴ
214 1992 446 2045 ἀπωλόμεθα.
501 2002 630 2046 Polyb.
651 2001 733 2046 XL,
759 2006 780 2036 5
806 2003 897 2037 extr.
908 2016 921 2036 :-
952 2003 1111 2037 ἅπαντες
1136 2004 1175 2038 δὲ
1201 2004 1288 2038 τότε
1312 2005 1392 2048 τήν
1417 2004 1659 2047 παροιμίαν

137 2063 280 2106 ταύτην
310 2062 370 2096 διὰ
401 2061 580 2104 (τόματοε
610 2062 723 2105 εἶχον,
755 2062 807 2096 ὼε
836 2061 866 2096 εἰ
898 2063 946 2105 μὴ
972 2062 1115 2105 ταχέως
1139 2063 1379 2107 ἀπωλόμεθα,
1410 2064 1479 2097 οὐκ
1503 2064 1549 2097 ἂν
1574 2064 1659 2098 {cdi-

139 2125 278 2166 θημεν·.

233 2180 293 2223 57)
325 2179 378 2215 Cf.
410 2179 511 2214 Asin.
539 2191 572 2215 v.
598 2182 679 2214 244.
712 2182 791 2214 637.
841 2178 937 2214 Hinc
967 2179 1060 2214 mihi
1090 2180 1212 2215 sanari
1243 2192 1351 2226 posse
1382 2182 1528 2217 videtur
1558 2182 1661 2217 locus

139 2238 302 2275 difficilis
327 2238 449 2273 Aulul.
475 2238 520 2282 ΙΙ,
546 2242 579 2282 2,
605 2242 667 2273 30:

281 2309 330 2344 Di
354 2320 414 2344 me
438 2310 598 2353 servant,
623 2309 727 2344 salva
750 2320 810 2344 res
834 2310 903 2354 est,
929 2310 1150 2345 salvomst
1174 2310 1211 2345 si
1235 2311 1340 2355 quid
1366 2314 1441 2346 non
1466 2311 1575 2356 perit,

140 2380 206 2415 ubi
231 2391 314 2415 cum
339 2380 454 2415 verba
477 2380 646 2414 salvomst
667 2380 702 2414 si
725 2380 815 2424 quid
837 2391 913 2415 non
932 2381 1031 2426 perit
1048 2382 1148 2416 recte
1168 2392 1252 2416 cum
1265 2381 1455 2426 Wagnero
1470 2382 1659 2418 Vahlenus

140 2438 311 2485 intellegi
334 2450 441 2484 posse
465 2439 628 2483 negmit,
659 2439 719 2474 vel
751 2439 875 2474 minus
899 2450 958 2474 me
983 2439 1202 2486 intellegere
1226 2440 1347 2476 fateor
1370 2441 1470 2485 quod
1493 2441 1574 2486 ipse
1600 2452 1660 2476 ex·

142 2498 324 2543 cogitavit
346 2497 484 2541 (Herm.
509 2499 537 2533 t.
561 2498 596 2532 X
620 2510 656 2542 p.
676 2500 759 2543 460)
783 2499 951 2533 salvom-st
974 2499 1008 2533 si
1032 2499 1122 2543 quid
1145 2500 1324 2543 conperit
1349 2511 1397 2534 sc.
1424 2499 1659 2545 Megadorus.

142 2556 259 2591 Immo
290 2555 380 2601 quia
408 2555 463 2590 nil
491 2555 557 2591 ille
589 2557 820 2600 compererat
849 2556 953 2592 salva
976 2569 1034 2592 res
1060 2549 1141 2592 erat
1165 2568 1209 2592 ac
1234 2557 1380 2602 perdita
1405 2558 1437 2592 si
1461 2557 1551 2602 quid
1576 2568 1660 2592 con·

141 2616 308 2660 perisset.
352 2614 506 2650 Accedit
530 2614 630 2658 quod
654 2614 887 2649 conservavit
898 2614 1087 2650 Vahlenus
1111 2616 1216 2650 salva
1239 2626 1295 2650 res
1319 2618 1381 2658 est,
1405 2617 1572 2651 salvomst
1598 2627 1659 2651 eo-

143 2675 229 2710 dem
254 2685 362 2709 sensu
386 2672 645 2708 molestissime
669 2672 774 2707 iuxta
798 2685 837 2708 se
862 2673 992 2718 posita.
1044 2674 1288 2710 scribendum
1312 2675 1471 2710 fortasse

283 2733 331 2767 Di
355 2744 415 2767 me
439 2733 604 2776 servant,
630 2732 734 2767 salva
758 2743 815 2767 res
840 2737 912 2776 est,
939 2732 1067 2768 salva
1091 2733 1197 2768 mist
1221 2734 1327 2778 quia
1350 2735 1426 2768 non
1450 2732 1549 2778 perit

142 2791 203 2827 vel
227 2791 352 2836 aptius
376 2791 506 2825 etiam:

754 2866 905 2874 .....
932 2839 1083 2874 salvos
1110 2852 1202 2874 sum
1228 2839 1334 2883 quia
1358 2841 1430 2874 non
1456 2839 1563 2884 perit.
