1904 3106
769 121 829 127 ..
887 95 915 137 9
977 118 1032 125 .-

145 204 246 248 inde
274 203 413 260 repeti
442 218 590 259 posse,
619 203 733 259 quod
757 217 808 244 ex
833 201 1026 256 margine
1052 200 1224 242 demum
1250 197 1460 254 quaedam
1486 196 1667 251 irrepse-

146 275 254 318 rint:
288 288 473 330 namque
508 288 680 316 versum
711 273 803 315 3322
845 272 975 326 Quid
1003 271 1048 314 id
1076 270 1162 313 est?
1207 268 1501 311 Primumdum
1528 280 1670 321 quom

147 349 194 388 tu
221 358 263 388 ω
291 347 415 387 aucta
444 343 582 386 liberis
619 342 676 385 ob
714 342 856 384 simile
893 356 991 384 cum
1022 339 1300 383 antecedente
1330 338 1504 381 initium
1537 337 1673 390 Quod

147 419 194 459 tu
230 415 297 458 hic
335 428 454 457 mero
497 427 639 456 errore
683 412 952 455 intercidisse
993 410 1092 453 inde
1134 412 1275 465 patet,
1317 409 1430 465 quod
1473 410 1671 450 servatur

148 500 296 528 versus
323 484 546 538 Quomque
572 484 668 526 bene
683 483 912 537 provenisti
934 482 1051 524 salva
1070 482 1246 535 qaudeo3
1276 480 1351 535 qui
1377 482 1522 522 autem
1546 493 1670 534 prae-

148 559 270 600 terea
298 554 595 598 desiderantur
624 569 773 596 versus
804 554 848 595 in
873 553 908 595 P
934 552 1162 596 Concedite
1188 551 1284 593 hinc
1313 565 1382 594 vos
1412 551 1521 592 intro
1552 553 1672 603 atque

147 627 297 681 operite
336 626 496 668 ostium.
558 625 629 666 Tu
665 638 775 666 mmo
809 627 1008 678 superstes
1043 623 1153 665 solus
1189 622 1367 664 sermoni
1406 610 1528 663 meo’s
1571 624 1671 663 ante

149 711 320 740 versum
353 696 468 738 Tibi
495 709 586 738 mea
614 696 786 738 consilia
815 708 970 748 semper
998 707 1160 736 summa
1192 694 1348 747 crediti,
1387 707 1461 734 eos
1491 707 1547 734 ne
1577 692 1671 747 ipse

150 767 322 823 quidem
362 766 571 810 Dziatzko
614 781 693 822 pro
738 765 1013 821 interpolatis
1062 765 1207 807 habet.
1276 764 1493 807 Nimirum
1543 777 1672 819 aegre

150 837 336 894 quodam
365 837 492 880 modo
522 852 601 880 nec
632 837 724 879 sine
761 837 945 892 quadam
984 835 1305 891 exspectatione
1345 833 1672 876 felicitationem

150 908 406 952 Diniarchus
450 908 725 964 pronuntiat,
773 910 822 949 ut
864 907 1062 962 protinus
1106 907 1246 949 amica
1289 906 1450 948 sentiat
1491 919 1577 946 non
1621 918 1672 945 ex

84 993 87 995 ’
151 980 296 1023 animo
326 979 367 1022 ei
401 981 551 1021 natum
588 994 682 1021 esse
718 978 823 1020 illud
857 979 1033 1032 yaude03
1073 978 1220 1033 itaque
1259 977 1439 1019 ancillas
1478 974 1674 1028 dimittit,

150 1053 202 1094 ut
218 1051 449 1093 -ostentata
479 1049 735 1092 confidentia
766 1049 1007 1103 simplicem
1038 1048 1326 1090 adulescentis
1359 1048 1548 1090 mentem
1578 1059 1673 1101 per-

152 1121 340 1178 stringat
370 1136 420 1163 ac
449 1120 587 1162 denuo
619 1120 775 1175 capiat.

268 1191 392 1235 Unus
422 1192 511 1234 iam
540 1193 678 1233 restat
707 1190 826 1233 locus
858 1189 1140 1232 difficillimus
1171 1189 1205 1244 I,
1230 1190 1271 1245 2,
1292 1190 1366 1232 79:

211 1285 391 1328 Amanti
421 1286 459 1327 si
489 1285 592 1341 quid
621 1300 710 1327 non
739 1284 905 1326 danunt
933 1299 1023 1326 non
1051 1283 1181 1326 didici
1211 1283 1409 1326 fabulare
1441 1283 1476 1325 P

210 1356 389 1400 Amanti
420 1356 458 1398 si
488 1355 588 1399 cui1i
614 1356 725 1411 quod
758 1355 870 1398 dabo
901 1370 989 1398 non
1015 1358 1082 1397 est
1104 1369 1193 1397 non
1218 1354 1347 1396 didici
1377 1353 1567 1396 fabulari
1594 1354 1645 1395 A.

154 1449 443 1507 Spengeliana
473 1450 686 1505 scriptura
715 1464 770 1491 ne
800 1449 886 1504 ipsi
923 1449 1094 1504 quidem
1132 1450 1297 1492 auctori
1334 1449 1563 1503 satisfecit,
1599 1463 1677 1490 nec
1716 1458 1717 1461 ’

154 1520 443 1576 Kiesslingius
474 1521 501 1562 l.
528 1536 561 1563 s.
587 1537 619 1563 s.
649 1537 691 1576 p.
714 1521 800 1563 626
831 1520 974 1563 locum
1006 1520 1230 1562 absolvere
1263 1523 1442 1562 conatus
1475 1523 1560 1575 est,
1590 1520 1677 1562 nisi

154 1591 270 1648 quod
294 1591 349 1633 ab
374 1590 662 1634 Ambrosiano
695 1606 868 1634 omnem
900 1591 1243 1633 emendationem
1274 1591 1551 1646 repetendam
1582 1605 1676 1632 esse

155 1662 448 1705 demonstrare
485 1661 667 1716 studuit3
707 1661 942 1703 Muellerus
981 1663 1125 1702 autem
1155 1661 1183 1703 l.
1215 1676 1247 1704 s.
1279 1676 1312 1703 s.
1343 1676 1383 1716 p.
1409 1661 1493 1703 681
1528 1661 1675 1716 despe-

154 1732 336 1775 randum
368 1746 461 1774 esse
492 1731 602 1773 dixit
631 1732 682 1773 de
715 1747 843 1774 versu
872 1731 1152 1774 restituendo.
1199 1730 1294 1773 Iam
1324 1731 1537 1786 Bergkius
1570 1732 1676 1774 duos

156 1803 261 1846 olim
290 1802 526 1845 versiculos
558 1802 776 1845 exstitisse
808 1805 852 1845 et
882 1803 1059 1844 alterius
1092 1802 1273 1844 alteram
1303 1804 1471 1856 partem
1502 1803 1547 1844 in
1573 1803 1677 1844 Am-

158 1874 348 1916 brosiani
383 1873 523 1915 verbis
554 1873 689 1915 latere
726 1874 987 1928 suspicatur,
1027 1887 1163 1928 neque
1200 1875 1346 1914 tamen
1383 1873 1555 1928 qualem
1586 1888 1678 1915 sen-

156 1945 337 1987 tentiam
367 1945 431 1986 ita
461 1945 605 1986 animo
636 1943 934 1986 informaverit
965 1943 1244 1999 significavit,
1274 1946 1324 1985 ut
1348 1944 1456 1985 satis
1482 1959 1595 1986 vana
1621 1944 1679 1986 sit

158 2015 358 2070 suspicio.
415 2013 527 2056 Mihi
566 2016 710 2055 autem
745 2014 790 2055 in
827 2014 923 2068 ipso
962 2013 1134 2055 demum
1172 2013 1462 2057 Ambrosiano
1501 2015 1679 2056 licenter

157 2087 328 2127 mutata
358 2099 451 2126 esse
481 2084 614 2126 verba
642 2086 850 2140 tanquam
880 2084 1019 2140 digito
1050 2086 1292 2126 monstra-re
1322 2084 1490 2127 videtur
1515 2085 1576 2126 ‘n'
1607 2086 1678 2128 lit-

158 2147 265 2198 tera'
282 2157 435 2210 postea
465 2157 689 2209 expuncta.
737 2154 851 2197 Nam
882 2155 996 2210 quod
1026 2156 1093 2197 cui
1145 2175 1200 2188 =
1224 2154 1315 2210 qm]
1346 2156 1393 2197 in
1418 2156 1475 2210 A,
1504 2157 1607 2210 quid
1632 2157 1678 2198 in

160 2225 196 2268 P
215 2228 375 2280 exstat,
403 2240 493 2267 non
522 2225 655 2267 refert
682 2225 784 2280 quia.
807 2225 915 2268 haec
939 2229 1148 2280 perpetua.
1172 2225 1365 2267 codicum
1390 2226 1679 2282 discrepantia

161 2299 228 2338 est
251 2296 295 2338 in
321 2296 515 2338 ablativo
540 2297 810 2350 pronominis
836 2296 1047 2338 indefiniti
1072 2295 1422 2353 describendoffi).
1465 2297 1559 2339 Iam
1578 2311 1679 2339 vero

162 2381 258 2408 cum
287 2367 351 2408 ita
380 2366 631 2410 incohatum
662 2368 720 2410 sit
749 2367 796 2409 in
826 2367 883 2409 A:

256 2531 316 2572 21)
340 2528 454 2564 Velut
471 2530 499 2574 Ι,
518 2534 552 2572 2,
565 2534 611 2564 36
629 2530 694 2575 qm*
713 2530 755 2573 A,
780 2529 870 2574 quid
888 2530 928 2572 P,
954 2529 1053 2572 sim.;
1078 2530 1113 2564 si
1130 2530 1195 2574 qui
1213 2531 1339 2564 autem
1357 2530 1393 2564 h.
1414 2530 1437 2564 l.
1458 2529 1681 2574 respondere

162 2598 295 2633 graeco
326 2587 437 2622 εἴπω(
466 2589 662 2633 propterea
692 2599 840 2632 moneo,
874 2587 963 2632 quia
992 2588 1208 2633 Maehlyum
1238 2588 1346 2623 video
1377 2588 1531 2633 vertisse
1564 2587 1683 2622 ‘werm

162 2647 306 2690 qewisse
323 2646 524 2681 Liebhaber
548 2647 647 2681 nicht
670 2646 843 2690 spenden’
873 2645 944 2680 ‘BL
963 2645 990 2680 f.
1010 2646 1044 2681 d.
1064 2646 1189 2691 bayer.
1210 2645 1358 2691 Gymn.’
1385 2647 1412 2680 t.
1434 2646 1483 2680 IX
1508 2647 1555 2689 (a.
1577 2648 1681 2690 1873)

162 2717 199 2750 p.
221 2708 299 2740 118.
348 2704 472 2739 Etiam
497 2717 530 2739 v.
557 2705 618 2748 IV,
638 2709 671 2748 4,
691 2710 707 2739 1
733 2705 859 2739 Blitea
883 2707 915 2739 et
939 2704 1070 2739 luteast
1094 2706 1281 2748 meretrix,
1305 2706 1380 2740 nisi
1403 2716 1495 2748 quae
1518 2705 1617 2749 sapit
1641 2706 1683 2739 in

162 2763 250 2798 vino
285 2764 335 2798 ad
370 2774 445 2798 rem
478 2774 584 2798 suam
619 2763 743 2808 aptius
774 2764 850 2798 πόδι’
879 2763 944 2807 qui
973 2774 1145 2808 repones,
1183 2775 1295 2808 quam
1332 2764 1406 2798 nisi
1441 2763 1547 2807 quid,
1583 2763 1684 2807 quod

167 2821 367 2866 Seyffertus
393 2822 496 2857 stud.
523 2822 577 2858 Pl.
603 2835 638 2867 p.
659 2826 703 2858 31
735 2821 929 2868 proposuit
958 2833 1050 2867 quae
1080 2823 1178 2857 stare
1210 2833 1283 2857 uon
1314 2833 1419 2866 posse
1445 2820 1680 2866 perspiciens.
