1904 3106
752 105 1037 147 ..59-

125 210 350 266 sumpti's
370 224 459 253 non
502 209 643 264 ipsam
685 210 913 252 confestim
956 210 1186 265 pecuniam
1204 207 1284 265 ¹⁰⁰).
1358 209 1499 258 Quare
1549 223 1646 250 cum

125 283 254 324 antea
282 281 334 324 de
365 281 463 324 aliis
495 281 804 336 supplementis
835 281 1109 337 cogitassem,
1140 280 1227 322 iam
1254 279 1360 322 satis
1386 279 1648 322 confidenter

123 366 203 408 pro
232 351 500 408 autara(a)ut
526 352 777 395 commendo
807 351 1111 394 auctarn'wrat:

265 445 526 501 „Auctarium
557 449 672 490 orat:
703 445 850 489 vinum
881 449 957 488 aut
988 447 1128 489 oleum
1152 450 1238 498 aut
1268 445 1475 489 triticum.

123 539 187 584 Cf.
217 540 345 584 Mero.
375 556 415 583 v.
445 541 532 584 486
553 556 642 596 sqq.
673 539 790 596 (cum
820 541 952 583 Festo
984 541 1110 583 Pauli
1142 556 1181 596 p.
1217 542 1271 583 14
1291 540 1367 582 M.:
1411 541 1647 583 auctarium

118 611 308 654 dicebant
335 613 516 667 antiqui,
550 613 659 666 quod
692 626 813 666 super
842 626 1079 655 mensuram
1109 613 1169 655 vel
1193 613 1358 667 pondus
1388 615 1541 655 iustum
1572 613 1645 654 ad-

122 681 329 737 iciebatur,
352 686 399 724 ut
422 683 609 725 cumulus
634 687 799 725 vocatur
825 684 869 725 in
894 684 1045 735 modio)
1054 698 1068 725 :
1108 683 1230 726 Visne
1254 697 1344 725 eam
1369 683 1427 724 ad
1441 683 1645 736 portum?-

122 784 133 794 .
153 785 163 794 .
182 785 192 795 .
210 753 345 806 Atque
373 754 553 795 eximam
583 754 793 796 mulierem
814 755 980 808 pretio?
1001 787 1128 796 .....
1168 754 1296 796 Tanta·
1325 755 1472 807 quanti
1494 755 1645 807 poscit,

122 824 194 865 vin
223 825 330 866 tanti
359 824 477 866 illam
507 825 616 867 emi?
665 825 802 867 Imnw
831 826 1066 867 auctarium
1095 826 1262 876 adicito,
1293 825 1353 867 vel
1383 824 1497 867 mille
1526 838 1646 866 num-

122 907 237 936 mum
258 894 358 948 plus
387 909 512 948 quam
537 899 678 949 poscet.

241 963 324 1007 Sed
354 965 438 1008 duo
470 968 636 1009 restant
665 967 767 1021 loci,
798 982 906 1022 quos
938 970 1110 1022 praeter
1138 982 1230 1009 rem
1256 967 1310 1009 ab
1338 967 1575 1009 editoribus
1602 967 1643 1008 in

122 1049 273 1078 versus
303 1038 474 1080 coactos
507 1053 599 1080 esse
631 1038 978 1080 existimaverim.
1040 1037 1103 1080 Ac
1134 1037 1324 1093 primum
1357 1053 1395 1080 v.
1414 1038 1490 1080 30:

335 1130 403 1172 Ita
434 1132 464 1174 &
495 1130 631 1187 (Iteca
661 1132 717 1187 B)
748 1132 793 1175 in
824 1132 1000 1175 aedibus
1032 1133 1192 1175 lenosis

123 1222 376 1280 Spengelius
414 1225 603 1280 itemque
646 1226 821 1268 Brixius
865 1226 892 1268 l.
923 1242 956 1269 S.
988 1242 1020 1269 s.
1052 1242 1092 1282 p.
1123 1228 1151 1269 3
1190 1242 1215 1268 a
1255 1226 1344 1269 cod.
1378 1226 1414 1268 B
1458 1226 1643 1281 profecti

122 1298 416 1338 correxerunt:
445 1295 581 1351 Itffist
603 1297 764 1352 amzfia
787 1298 832 1339 ‘in
857 1297 1023 1340 aedibus
1049 1297 1221 1340 leno'niis
1231 1294 1298 1352 ¹⁰⁷)
1325 1300 1368 1339 et
1392 1298 1529 1339 amica
1554 1297 1643 1352 qui-

121 1365 218 1408 dem
242 1369 471 1421 propterea
494 1368 710 1410 nominari
741 1368 974 1410 secundum
1006 1368 1201 1410 Brixium
1233 1368 1511 1421 desideratur,
1543 1368 1645 1422 quia

116 1439 247 1490 parat
282 1437 510 1493 insequens
542 1439 704 1494 alioqui
735 1454 822 1482 non
853 1440 1013 1493 habeat
1044 1455 1127 1495 quo
1168 1440 1392 1482 referatur.
1463 1440 1523 1481 At
1562 1439 1644 1481 hoc

122 1521 274 1561 pamm
306 1508 437 1564 valet3
480 1524 568 1551 non
598 1510 737 1564 magis
770 1511 884 1552 enim
916 1525 953 1552 v.
989 1512 1042 1553 13
1075 1514 1242 1564 temptat
1272 1511 1448 1552 verbum
1481 1510 1644 1552 diserta

95 1578 359 1621 -meretricis
403 1580 565 1622 mentio
607 1581 844 1635 praecedit,
892 1596 1000 1637 quae
1044 1582 1179 1636 ipsius
1223 1581 1448 1623 Diniarchi
1498 1581 1643 1623 animo

121 1651 329 1704 perpetuo
385 1651 640 1693 obversatur
694 1667 744 1694 ac
798 1655 951 1707 sponte
1006 1668 1057 1694 ex
1113 1653 1426 1695 sententiarum
1474 1653 1643 1694 ratione

122 1720 386 1776 cogitatione
417 1720 667 1764 adsumitur.
729 1723 792 1765 Ac
823 1723 894 1765 vix
925 1726 1030 1778 puto
1067 1724 1112 1766 in
1144 1724 1235 1766 cod.
1266 1724 1302 1765 B
1335 1724 1548 1779 scriptura
1578 1739 1642 1766 re-

122 1782 351 1833 conditius
370 1792 535 1847 aliquid
565 1793 699 1835 latere
732 1809 859 1849 quam
891 1796 1003 1850 quod
1036 1795 1110 1838 OD
1143 1796 1365 1837 exhibent:
1407 1810 1508 1837 nam
1541 1798 1584 1837 et
1614 1810 1643 1839 a

121 1860 246 1902 facile
281 1876 331 1903 ex
368 1864 409 1904 Δί·
443 1866 548 1906 nota
585 1864 906 1907 declaratur'et
937 1880 977 1908 ec
1006 1867 1114 1908 nihil
1146 1878 1239 1909 esse
1271 1867 1457 1920 videtur,
1499 1866 1583 1907 nisi
1614 1880 1643 1907 a

122 1935 389 1988 corruptum,
431 1934 543 1976 sicut
584 1934 698 1976 idem
741 1936 871 1978 codex
903 1936 963 1992 ΙΙ,
993 1939 1040 1992 4,
1072 1938 1129 1980 35
1172 1953 1251 1992 pro
1294 1952 1366 1980 nec
1407 1938 1540 1979 habet
1582 1937 1640 1979 ηᾶ

121 2000 310 2056 itemque
342 2018 492 2045 omnes
522 2004 583 2059 II,
602 2006 642 2060 5,
662 2006 714 2047 21
740 2021 970 2059 prececaveo
994 2023 1072 2062 pro
1090 2022 1324 2062 praecaveo.
1364 2008 1512 2063 Ipsum
1540 2023 1639 2050 vero

121 2072 182 2113 ita
211 2075 251 2114 et
278 2073 347 2115 vix
379 2074 585 2117 aliorsum
617 2078 792 2131 spectet,
824 2092 953 2132 quam
985 2079 1038 2120 ad
1069 2080 1130 2127 ita
1160 2082 1233 2130 est,
1265 2079 1376 2122 sicut
1405 2083 1443 2121 et
1472 2094 1551 2134 pro
1583 2083 1642 2120 est

123 2142 401 2187 substituitur
431 2144 492 2199 II,
523 2146 569 2200 2,
604 2147 657 2188 14
693 2147 882 2203 itemque
913 2152 972 2191 est
1001 2164 1079 2203 pro
1111 2153 1149 2190 et
1177 2149 1240 2203 ΙΙ,
1269 2150 1315 2204 4,
1346 2151 1423 2192 41:
1467 2153 1514 2191 ut
1546 2152 1640 2192 tota

122 2213 336 2255 sententia
375 2215 435 2256 ita
472 2219 532 2258 est
568 2217 615 2258 in
653 2218 820 2260 aedibus
859 2219 1014 2262 lenonis
1050 2235 1100 2262 eo
1138 2220 1294 2262 certius
1333 2236 1382 2262 ex
1413 2221 1638 2262 notatione

122 2283 348 2340 marginali
380 2289 609 2342 repetatur,
640 2289 752 2343 quod
783 2292 947 2332 resecto
979 2290 1059 2333 hoc
1085 2291 1296 2334 versiculo
1328 2291 1438 2333 nihil
1465 2291 1638 2333 omnino

121 2353 265 2396 deficit
295 2355 542 2399 destituitve
574 2358 825 2402 orationem.

218 2483 300 2526 106)
326 2483 424 2519 Satis
448 2485 536 2528 apte
561 2484 736 2530 conferes,
761 2498 855 2530 quae
881 2487 1001 2522 Ballio
1026 2487 1280 2524 meretricibus
1305 2490 1489 2535 praecipit
1506 2490 1637 2526 Pseud.

121 2534 155 2575 v:
183 2543 249 2575 187
269 2552 367 2585 sqq.:
404 2541 603 2577 Heduh'um
628 2543 870 2589 frumentum,
906 2547 1075 2581 carnaria
1098 2548 1367 2592 Aeschrodora,
1399 2549 1537 2583 olivum
1564 2549 1637 2584 Xu-

121 2598 228 2651 stulis
247 2598 294 2633 ab
313 2600 539 2636 amatoribus
559 2613 772 2648 comparare
792 2605 977 2650 iubentur,
997 2618 1105 2642 omne
1124 2619 1241 2653 penus
1261 2609 1484 2642 summatum
1506 2607 1636 2653 virum,

121 2656 254 2701 quibus
278 2657 433 2694 deliciae
459 2661 529 2705 est,
556 2672 639 2696 cum
663 2662 863 2700 Phoenicio
889 2666 1161 2711 exposcendum
1187 2666 1246 2701 sit.

217 2718 299 2759 107)
326 2717 430 2759 Quod
456 2717 650 2764 Machlyus
675 2720 699 2754 l.
719 2733 746 2755 S.
767 2734 794 2756 s.
815 2734 851 2767 p.
868 2727 934 2758 114
960 2724 1079 2759 voluit
1104 2725 1170 2759 Ita
1194 2726 1395 2770 rc'yulast
1420 2726 1460 2760 in
1486 2727 1636 2762 aedibus

121 2773 274 2810 leno'niis
298 2786 426 2810 vereor
450 2788 495 2812 nc
520 2778 567 2812 ad
593 2778 758 2824 linguam
783 2780 937 2817 latinam
962 2783 1158 2828 pertineat,
1183 2795 1294 2828 quam
1323 2784 1554 2820 ‘culinarem'
1582 2785 1636 2821 di·

122 2843 202 2868 cere
227 2843 490 2871 consuevimus.
