1904 3106
750 100 1040 142 -25-

255 202 319 246 At
352 204 460 246 illud
484 204 695 260 quadrare
723 219 810 247 non
840 205 1021 260 videtur,
1051 203 1165 259 quod
1197 201 1437 257 parasitum
1468 213 1557 242 non
1589 199 1658 240 de·

137 274 272 318 fuisse
307 275 435 318 militi
474 290 571 318 cum
600 275 819 318 Meinekio
857 279 900 318 et
930 275 1144 317 Prellerus
1181 274 1227 316 in
1265 271 1421 326 Paulyi
1451 269 1659 325 Encyclo·

137 345 293 401 paedia
331 361 372 389 v.
402 345 637 388 Menander
678 349 723 388 et
764 346 997 389 Lorenzius
1041 346 1087 388 in
1117 344 1310 400 Append.
1343 342 1396 384 ad
1426 340 1518 384 Mil.
1548 341 1659 397 glor.

137 430 179 472 p.
208 416 297 459 250
332 431 384 459 ex
419 416 608 460 Pollucis
645 418 788 460 verbis
824 417 900 472 IV,
935 418 1017 460 119
1054 432 1095 472 p.
1125 417 1214 458 420
1256 414 1542 469 collegerunt,
1584 411 1659 454 ubi

137 487 354 544 parasitos
388 487 515 530 docet
547 488 676 544 nigra
712 489 781 532 vel
818 490 938 546 pulla
968 491 1087 531 veste
1125 488 1172 530 in
1208 499 1409 529 scaenam
1447 482 1659 538 prodiisse

138 559 254 611 πλὴν
276 559 327 601 ἐν
342 558 556 615 (ικυωνίῳ
582 562 708 615 λευκῇ
734 559 800 602 ὅτι
827 562 969 612 μέλλει
994 562 1147 611 γαμεῖν
1172 558 1198 600 ὁ
1223 556 1462 609 παράειτοε.
1494 553 1657 596 Verum

137 643 276 685 neque
311 629 490 686 infringi
525 630 623 673 inde
660 631 949 674 coniecturam
980 632 1176 673 nostram
1206 643 1344 683 neque
1375 641 1427 669 eo
1458 627 1563 681 puto
1595 638 1658 666 re-

137 699 387 756 fugiendum
417 714 524 756 esse,
554 703 603 743 ut
633 701 739 744 adeo
770 717 858 744 non
884 701 1199 745 contaminasse
1225 699 1428 741 Plautum
1454 697 1660 749 dicamus,

137 772 189 812 ut
229 771 460 813 resecuerit
500 771 644 827 potius
681 771 962 828 ‘parasitum'
995 787 1045 815 ex
1089 785 1264 826 corpore
1308 768 1571 812 Menandreo
1584 766 1660 822 ⁵⁰):

137 945 178 980 ni
210 944 321 981 fallor
352 945 415 981 lux
449 946 605 992 affulget
637 947 844 983 Trinummi
878 961 911 983 v.
938 952 1024 983 647:
1068 951 1110 982 tu
1142 946 1261 990 femsti
1293 947 1335 979 ut
1368 944 1535 988 difficilis
1566 943 1660 987 soret

141 1003 285 1050 Gtilpa
306 1005 466 1040 maxim
474 1007 549 1041 σᾶ
572 1007 714 1042 desidia
733 1009 874 1052 tuisque
892 1008 1014 1042 stultis
1032 1006 1208 1048 mo'ribus;
1235 1004 1299 1040 ubi
1318 1014 1463 1049 semper
1482 1014 1541 1037 me
1561 1002 1659 1037 male

138 1061 271 1098 habuit
300 1064 402 1108 quod
432 1076 516 1100 cum
540 1065 676 1101 Bothio
700 1067 740 1102 et
762 1067 987 1102 Ritschelius
1011 1068 1050 1102 et
1074 1064 1220 1100 Brixius
1251 1065 1408 1099 maz-ime
1434 1062 1547 1107 (quod
1572 1061 1659 1097 libri

137 1121 279 1157 habent
306 1133 391 1157 cum
421 1123 469 1169 A)
498 1123 538 1159 in
567 1126 730 1160 maxima
760 1126 961 1161 mutarunt.
1011 1126 1108 1160 Nam
1139 1124 1403 1169 praeterquam
1435 1121 1535 1166 quod
1568 1119 1659 1155 satis

137 1179 356 1226 languidum
381 1182 578 1218 videbatur
601 1185 713 1230 culpa
735 1186 916 1227 maxima,
950 1184 1028 1220 eius
1051 1184 1168 1229 ipsius
1192 1183 1323 1228 culpae
1349 1181 1659 1226 designationem,

138 1250 234 1284 quae
257 1239 460 1276 Lesbonico
488 1241 691 1278 ‘maxima’
718 1244 816 1287 erat,
840 1242 1108 1278 desiderabam.
1157 1240 1263 1276 Nihil
1287 1240 1403 1286 igitur
1426 1239 1659 1283 mutandum,

139 1297 206 1334 sed
228 1309 272 1334 ex
295 1299 444 1335 illorum
467 1300 634 1336 locorum
658 1302 802 1338 ratione
828 1302 1089 1348 explicandum
1113 1301 1195 1337 erit.
1687 1335 1691 1338 .

232 1357 293 1402 50)
320 1356 376 1393 De
400 1358 564 1394 Alexidis
587 1360 763 1405 parasitis
794 1361 838 1396 cf.
865 1360 1074 1396 Meinekius
1098 1361 1247 1406 Fragm.
1273 1358 1374 1396 Com.
1406 1360 1433 1395 t.
1461 1359 1477 1393 I
1510 1371 1543 1404 p.
1571 1363 1659 1401 402ς

139 1416 193 1452 111
215 1428 253 1462 p.
273 1420 342 1452 477
354 1428 408 1462 sq.
439 1417 696 1464 Bernhardyus
720 1419 816 1455 Hist.
841 1420 915 1455 litt.
940 1422 967 1456 t.
993 1420 1038 1464 11,
1063 1424 1085 1454 2
1111 1431 1148 1465 p.
1168 1423 1238 1455 685
1264 1418 1320 1454 ed.
1340 1418 1404 1454 III.
1448 1419 1543 1454 Casu
1568 1429 1659 1463 quo-

138 1474 226 1510 dam
248 1474 375 1510 illatus
399 1477 457 1511 est
478 1477 664 1522 parasitus
687 1478 727 1513 in
752 1479 1017 1514 Truculentum
1042 1480 1104 1523 ΠΙ,
1130 1483 1164 1523 2,
1189 1483 1210 1514 9
1230 1491 1327 1524 sqq.:

349 1533 476 1570 Novos
500 1535 619 1571 omnis
643 1547 763 1572 mores
787 1537 925 1582 habeo,
950 1538 1095 1573 veteres
1121 1536 1278 1583 perdidi.

269 1604 304 1628 ιο
354 1593 422 1629 Vel
446 1595 572 1629 amare
596 1606 748 1640 possum
772 1596 832 1631 vel
856 1596 932 1631 iam
958 1597 1119 1631 scortum
1144 1596 1289 1631 diicere.

209 1652 301 1688 Ast.
350 1651 491 1698 Lepide
515 1657 700 1690 mecastor
724 1655 890 1691 minfias:
917 1656 980 1691 sed
1006 1656 1066 1691 dic
1091 1655 1182 1691 mihi

279 1713 304 1754 †
351 1711 500 1747 Habent
517 1714 729 1757 parasitum
753 1717 786 1748 et
810 1714 966 1750 fortasse
991 1714 1113 1750 dicere

209 1769 299 1804 Ast.
347 1770 568 1806 Intellexisti
591 1771 714 1817 lepide
738 1771 829 1816 quid
854 1784 924 1818 ego
949 1773 1121 1809 dicerem.

210 1829 293 1864 Str.
342 1829 446 1864 Heus
467 1830 527 1874 tu,
550 1829 628 1865 iam
651 1834 850 1876 postquam
874 1831 913 1867 in
937 1833 1067 1867 iirbem
1092 1833 1222 1868 crebro
1241 1835 1411 1882 ‚cemmeo

350 1887 467 1923 Dicax
491 1900 572 1924 sum
597 1890 734 1926 factus:
759 1891 835 1926 iam
859 1904 940 1927 sum
966 1892 1135 1927 caulator
1158 1892 1308 1937 probus.

138 1945 257 1981 Versu
282 1950 324 1981 12
359 1947 470 1982 nullis
503 1948 685 1983 machinis
719 1961 764 1984 ex
799 1949 1004 1995 ‘parasito’
1040 1950 1163 1985 iocum
1197 1950 1283 1986 elici
1315 1950 1390 1985 iam
1422 1951 1659 1986 consentiunt

138 2003 269 2040 critici.
318 2004 392 2040 Sed
420 2017 540 2050 neque
570 2006 669 2051 quod
700 2007 908 2052 Geppertus
939 2008 1087 2054 scripsit
1117 2010 1156 2045 et
1186 2008 1383 2044 defendere
1414 2020 1525 2044 ausus
1551 2011 1608 2044 est
1632 2010 1655 2044 l.

138 2074 168 2099 s.
193 2075 221 2100 s.
245 2074 281 2108 p.
307 2066 370 2098 76:

349 2121 484 2157 Haben
508 2143 553 2148 —
602 2122 687 2159 Str.
706 2125 919 2168 peniculum
943 2127 979 2161 te'
999 2126 1157 2162 fortasse
1182 2127 1306 2163 dicere

141 2179 230 2215 ferri
254 2181 390 2226 potest,
414 2191 535 2225 neque
559 2182 658 2226 quod
683 2181 883 2228 Seyffertus
908 2184 1026 2219 voluit
1050 2185 1185 2221 Philol.
1211 2188 1237 2221 t.
1263 2186 1399 2221 XXVII
1425 2199 1460 2232 p.
1487 2190 1573 2222 465:

349 2239 481 2275 Haben
506 2241 548 2275 tu
573 2261 617 2266 —
668 2241 751 2278 Str.
783 2244 944 2287 pretium
969 2245 1005 2278 ιε’
1026 2243 1051 2279 f.
1078 2244 1112 2279 d.

56 2345 61 2347 .
138 2296 200 2332 vel
222 2297 320 2342 quod
344 2297 384 2332 in
408 2299 563 2334 eandem
587 2301 810 2336 sententiam
835 2301 1071 2348 Speugelius:

349 2357 481 2392 Haben
499 2362 678 2403 paratum
726 2359 810 2396 Str.
843 2371 903 2396 aes
927 2363 964 2396 τό
985 2361 1010 2397 f.
1035 2361 1071 2396 d.

138 2413 237 2449 Nam
255 2414 545 2460 Geppertianum
568 2417 663 2453 illud
680 2430 915 2464 nequaqnam
936 2421 1115 2456 ‘dicebat’
1137 2421 1371 2467 Astaphium,
1396 2422 1434 2457 in
1453 2422 1511 2457 his
1530 2424 1656 2457 autem

139 2472 244 2508 nulla
271 2472 369 2509 inest
400 2474 548 2520 ‘lepida
577 2476 780 2513 dicacitas!
843 2478 1077 2523 Requirimus
1110 2479 1226 2524 igitur
1256 2491 1368 2524 quam
1398 2481 1466 2515 illa
1496 2481 1657 2516 intendit

138 2531 318 2576 pecuniae
342 2533 636 2579 designationem
660 2536 792 2580 talem,
823 2548 919 2581 quae
949 2537 1291 2573 lusumverborum
1317 2539 1427 2574 simul
1452 2539 1654 2575 contineat.

58 2589 68 2597 ⁹
138 2588 246 2626 Unde
269 2590 309 2626 in
332 2594 495 2627 mentem
518 2592 610 2628 mihi
633 2593 737 2629 venit
761 2604 809 2628 an
832 2595 928 2630 forte
954 2595 1141 2641 scripserit
1163 2599 1277 2642 poeta
1301 2598 1451 2641 (omisso
1477 2600 1518 2634 ut
1542 2598 1655 2635 Poen.

141 2647 185 2692 V,
209 2652 244 2692 2,
268 2653 314 2684 44
345 2653 379 2684 te
401 2651 617 2695 pronomine
642 2663 709 2697 pro
733 2656 767 2687 et
790 2653 838 2688 ab
862 2654 967 2690 Italis
991 2655 1223 2700 subsfituto).

350 2708 483 2744 Haben
508 2730 552 2735 —
602 2710 684 2746 Str.
714 2712 935 2755 παράεταειν
959 2713 1115 2750 fortasse
1140 2715 1285 2751 dioere?

139 2764 242 2801 Haec
267 2766 364 2802 enim
388 2778 460 2803 vox
484 2770 524 2803 et
546 2769 750 2814 ἐπιθυμίαν,
781 2771 900 2814 ὁρμήν
929 2771 1114 2816 significat
1142 2774 1203 2818 (cf.
1228 2774 1400 2810 Menand.
1425 2738 1555 2821 fragm.
1582 2776 1652 2813 inc.

141 2823 210 2859 XII
234 2836 265 2860 c.
291 2825 375 2861 adn.
400 2827 590 2872 Meinekii)
616 2830 655 2864 et
677 2827 902 2872 drachmam,
927 2841 1040 2874 quam
1063 2831 1103 2866 in
1126 2833 1193 2867 lite
1219 2834 1471 2869 contrahenda
1494 2834 1654 2880 depone-
