1904 3106
905 152 957 157 -..
1021 129 1079 172 34
1139 152 1197 159 .-

404 233 470 276 Ea
501 249 609 290 quae
642 235 769 278 modo
803 236 981 291 exposui
1014 236 1174 278 dudum
1206 236 1550 291 enucleaveram,
1582 249 1679 277 cum
1709 234 1817 278 mihi

285 303 484 348 Hauniae
522 307 819 362 peregrinanti
861 306 1108 350 Thorsenus
1147 308 1213 349 vir
1250 307 1516 349 clarissimus
1547 306 1817 349 academicae

284 375 575 418 bibliothecae
614 377 856 431 praefectus
896 379 1079 434 benigne
1118 379 1285 433 copiam
1322 378 1426 420 fecit
1462 378 1673 420 librorum
1710 392 1817 434 quos

286 446 506 489 Fabricius
562 446 906 504 Hamburgensis
963 450 1068 491 olim
1123 449 1377 504 possederat
1442 448 1818 504 inspiciendorum.

283 517 402 560 Inter
428 533 536 574 quos
561 523 629 561 est
648 519 844 575 Operarii
866 519 996 562 editio
1017 519 1160 561 Plauti
1180 519 1388 562 adnotata
1407 520 1461 562 ab
1482 520 1578 575 ipso
1597 519 1815 575 Fabricio3

283 590 403 631 cuius
437 589 739 632 adnotationes
771 594 820 632 ut
851 590 1071 645 conspexi,
1101 590 1348 645 Langianas
1380 605 1475 632 esse
1507 591 1690 646 cognovi
1715 591 1816 633 scri-

283 663 446 714 pturas,
478 662 551 703 sed
582 662 645 704 ita
678 665 950 718 comparatas
977 662 1125 717 quales
1151 676 1244 703 esse
1264 661 1487 704 debebant.
1519 660 1654 704 Velut
1671 661 1816 717 12,13

283 731 435 774 habes:
469 732 599 775 ‘delet
630 733 679 775 T’
713 733 758 790 (i.
791 749 824 776 e.
855 747 941 775 non
970 732 1198 789 negarem),
1228 733 1427 788 idemque
1458 733 1816 788 frequentissime.

283 802 407 852 Quod
438 818 523 858 quo
556 807 721 860 spectet
751 805 942 859 prodidit
973 804 1065 859 ipse
1091 803 1314 846 Fabricius
1341 804 1482 859 prima
1505 803 1606 846 libri
1637 804 1814 860 pagina:

284 871 418 923 ‘Quae
463 875 655 931 ascripta
698 877 799 916 sunt
841 875 959 917 noris
1010 876 1149 930 petita
1200 889 1292 916 esse
1344 889 1395 916 ex
1439 875 1552 917 libro
1595 875 1815 918 Laevini

282 943 547 987 Torrentii
586 946 660 1000 qui
699 949 791 988 erat
829 946 875 988 in
912 946 1178 988 bibliotheca
1209 945 1458 1000 Marquardi
1490 945 1645 988 Gudii'.
1705 945 1814 988 Lae-

281 1015 406 1058 vinus
446 1019 592 1058 autem
625 1016 880 1059 Torrentius
913 1016 1149 1071 discipulus
1180 1016 1264 1058 fuit
1295 1018 1423 1071 atque
1454 1017 1616 1059 amicus
1646 1015 1815 1074 Langii,

282 1087 403 1129 cuius
434 1087 569 1130 libros
602 1090 702 1142 post
733 1088 995 1141 possessoris
1027 1090 1212 1130 mortem
1244 1087 1484 1142 acquisivit.
1539 1087 1664 1130 Unde
1695 1089 1813 1131 vides

281 1172 409 1212 quam
442 1162 559 1201 certa
591 1159 649 1201 sit
681 1173 731 1201 ea
763 1174 891 1214 quam
925 1158 1102 1214 exposui
1134 1159 1261 1213 ratio,
1286 1161 1335 1200 ut
1359 1173 1412 1200 ne
1445 1158 1623 1200 verbum
1642 1159 1812 1214 quidem

281 1244 388 1284 opus
421 1230 479 1271 sit
512 1230 666 1272 addere
682 1228 745 1286 26).

400 1300 494 1351 Qua
526 1315 572 1342 re
604 1300 806 1342 absoluta
826 1324 880 1329 —
910 1299 977 1341 hic
1011 1300 1126 1342 enim
1158 1315 1278 1343 error
1309 1300 1495 1343 maxime
1525 1315 1652 1343 verae
1685 1301 1812 1344 aesti—

279 1373 460 1414 mationi
499 1372 668 1413 videtur
706 1371 879 1413 offuisse
923 1395 970 1400 —
1014 1370 1140 1413 facile
1185 1374 1252 1413 est
1303 1371 1357 1413 ad
1390 1370 1668 1414 ‘iudicandum
1705 1372 1807 1428 quid

279 1458 324 1485 re
356 1458 458 1485 vera
490 1444 664 1485 valeant
696 1444 749 1485 ad
781 1443 910 1495 κρίειν
942 1442 1189 1484 Plautinam
1220 1442 1321 1485 libri
1359 1441 1592 1498 Langiani:
1634 1458 1732 1505 quo·
1759 1443 1810 1485 de

279 1530 416 1570 pauca
437 1515 596 1557 dixisse
617 1515 723 1557 satis
749 1514 933 1556 habebo.
972 1513 1087 1556 Nam
1113 1513 1309 1568 quamvis
1335 1513 1399 1555 ibi
1424 1513 1607 1555 maiores
1631 1513 1811 1556 lacunae

207 1596 209 1599 ’
279 1587 436 1642 quibus
457 1586 485 1628 J
506 1587 676 1628 laborat
700 1602 788 1629 non
813 1583 1048 1642 fuerintffl),
1079 1587 1252 1627 tantum
1276 1587 1423 1626 tamen
1446 1585 1573 1626 abest
1597 1588 1646 1628 ut
1671 1586 1810 1628 bonae

279 1692 477 1736 intellexit,
497 1691 634 1727 totiens
655 1703 717 1727 eas
739 1694 870 1737 suopte
890 1691 1005 1727 fretus
1025 1690 1179 1726 arbitrio
1199 1690 1269 1725 sibi
1288 1688 1507 1734 composuit.
1544 1689 1666 1725 Unum
1685 1690 1812 1735 placet

278 1751 414 1786 addere
450 1751 673 1796 exemplum.
733 1750 839 1795 Epid.
878 1750 893 1783 Ι
931 1754 969 1794 1,
998 1754 1041 1784 15
1075 1749 1240 1794 Langius
1275 1748 1495 1793 ascripserat
1527 1750 1629 1784 varie
1661 1742 1811 1794 Ep.*'et

276 1821 384 1845 versu
411 1810 582 1854 sequenti
607 1820 740 1854 caprae
765 1820 850 1851 non,
875 1820 1031 1854 quorum
1051 1808 1154 1854 prius
1174 1807 1222 1842 ad
1242 1806 1444 1843 camerarii
1462 1818 1623 1844 errorem
1642 1810 1810 1854 spectare

278 1880 360 1904 cum
381 1881 454 1904 non
474 1869 618 1904 videret
630 1868 780 1913 Pareus,
801 1868 1006 1903 hariolatur
1025 1867 1116 1902 haec
1130 1867 1169 1901 in
1184 1866 1373 1902 codicibus
1385 1865 1589 1912 Langianis
1609 1867 1808 1903 exstitisse:

277 1929 379 1963 varie
404 1928 477 1973 Ep.
506 1929 649 1972 Caprae
674 1939 747 1963 non
773 1927 918 1962 omissis
943 1927 1066 1962 verbis
1093 1937 1188 1971 quae
1212 1924 1435 1970 interposita
1460 1926 1555 1960 sunt.

373 1990 431 2031 24)
457 1987 510 2022 Cf.
537 1987 585 2022 ad
610 1986 678 2032 Ep.
706 1987 720 2021 1
747 1990 780 2030 2,
809 1991 850 2021 13
877 1987 915 2021 et
939 1985 1042 2021 alibi.
1608 2031 1614 2036 ἢ

373 2049 432 2091 25)
467 2045 646 2091 Gepperti
680 2045 957 2091 neglegentiam
994 2045 1186 2090 increpare
1218 2053 1533 2089 supervacaneum
1563 2043 1676 2088 duco;
1717 2044 1806 2080 satis
1825 2063 1840 2077 ι

278 2109 335 2142 est
361 2107 505 2150 dixisse,
532 2117 615 2141 eum
641 2106 798 2151 Pareum
825 2107 973 2140 tantum
998 2115 1072 2139 non
1097 2105 1183 2149 post
1207 2114 1246 2139 se
1271 2102 1475 2147 reliquisse.

372 2168 430 2210 26)
458 2165 563 2200 Unde
594 2165 731 2201 fuerint
756 2163 890 2209 Langii
921 2163 1008 2198 libri
1041 2162 1219 2206 nescitur,
1250 2161 1440 2197 transiisse
1471 2162 1595 2197 autem
1628 2173 1692 2198 eos
1723 2173 1806 2198 cum

277 2225 409 2260 ceteris
439 2224 478 2258 in
506 2225 775 2269 possessionem
809 2223 964 2258 Laevini
999 2221 1185 2257 Tor-rentii
1219 2220 1296 2257 veri
1321 2220 1442 2256 simile
1468 2222 1542 2256 est:
1577 2221 1623 2256 cf.
1647 2221 1807 2257 Miraeus

279 2284 453 2320 Biblioth.
481 2283 610 2318 eccles.
631 2296 666 2328 p.
684 2288 751 2318 207
780 2285 817 2318 et
842 2283 987 2327 Paquot
1011 2281 1095 2316 hist.
1116 2281 1190 2316 litt.
1210 2281 1261 2315 XI
1287 2282 1526 2325 (quamquam
1551 2279 1605 2315 ibi
1629 2280 1676 2315 de
1700 2279 1805 2315 libris

276 2342 456 2378 universis
476 2341 623 2386 agitur).
656 2343 826 2378 Fortasse
846 2354 930 2377 eum
949 2340 1033 2376 aliis
1051 2340 1274 2376 interierunt
1293 2338 1415 2374 studio
1434 2339 1591 2374 fratrum
1606 2338 1805 2374 Societatis

278 2404 366 2438 lesu.
418 2400 471 2437 Cf.
498 2412 569 2436 van
596 2401 734 2436 Hulstii
762 2401 931 2436 ‘Charles
961 2400 1007 2435 de
1027 2399 1154 2444 Lange
1181 2400 1219 2434 et
1237 2398 1368 2434 Lievin
1388 2396 1665 2442 Vanderbecke,
1691 2397 1806 2443 Liege

278 2462 383 2498 1846’
411 2463 530 2506 p.'75.
581 2459 634 2494 De
667 2460 711 2495 iis
737 2473 779 2495 ex
807 2459 912 2495 libris
938 2458 1072 2504 Langii
1097 2457 1161 2502 qui
1187 2457 1399 2492 etiamnunc
1425 2456 1572 2491 exstant
1596 2455 1804 2499 Bruxellae,

275 2522 354 2567 egit
371 2519 552 2555 Bernard:
582 2519 768 2564 ‘Rapport
793 2520 814 2553 a
834 2518 882 2555 M.
902 2518 938 2553 le
958 2517 1124 2552 ministre
1145 2517 1190 2551 de
1203 2515 1408 2551 l'interieur
1428 2527 1491 2550 sur
1509 2514 1563 2550 les
1582 2514 1804 2550 manuscrits

275 2581 320 2615 de
357 2579 510 2615 Charles
549 2578 729 2624 Langius,
767 2578 923 2623 deposes
959 2578 981 2611 a
1015 2577 1053 2611 la
1085 2575 1342 2619 bibliotheque
1375 2573 1502 2619 royale
1537 2573 1602 2609 des
1632 2573 1722 2608 dues
1756 2574 1803 2609 de
1876 2590 1879 2593 ¹

276 2640 506 2684 Bourgogne.
550 2635 740 2671 Bruxelles
771 2636 887 2671 1843.’
912 2656 953 2661 —-
983 2634 1183 2679 Exemplar
1206 2632 1363 2668 Laevini
1389 2631 1574 2667 Torrentii
1597 2627 1672 2667 non'
1696 2631 1803 2677 potui

275 2699 463 2744 indagare.

370 2760 430 2802 27)
458 2755 512 2792 Cf.
538 2755 586 2791 ad
612 2755 719 2800 Epid.
747 2755 761 2790 I
790 2759 820 2799 1,
849 2758 910 2799 77,
942 2752 1006 2788 ubi
1032 2753 1191 2798 pendent
1215 2750 1301 2786 libri
1326 2749 1510 2796 Langiani
1535 2748 1726 2794 exhibent,
1763 2751 1803 2784 et

274 2817 336 2862 qui
357 2815 524 2860 sequitur
544 2827 702 2857 versum,
722 2814 786 2849 ubi
804 2814 947 2848 irruent
966 2812 1184 2847 adnotatum
1206 2813 1272 2846 est.
1304 2810 1406 2845 Idem
1426 2809 1472 2844 de
1491 2807 1678 2853 plerisque
1700 2807 1802 2843 valet
1867 2856 1872 2860 .

275 2875 427 2911 lacunis.
627 2878 638 2885 '
