1904 3106
893 98 1212 140 —110—

413 201 531 252 Quae
562 205 611 245 ut
642 218 746 246 vera
776 217 869 245 esse
902 203 1071 246 credam
1103 205 1172 247 vel
1205 205 1291 248 alia
1322 219 1368 247 re
1399 219 1682 249 commoveor.
1742 205 1820 249 Vi-

292 274 433 316 dimus
472 275 587 317 enim
619 275 764 330 qualia
793 275 956 317 fuerint
987 274 1103 318 Celsi
1134 279 1385 331 praecepta,
1425 276 1471 318 in
1501 277 1657 332 quibus
1689 278 1819 320 ceteri

290 345 445 388 medici
476 361 572 388 cum
605 360 654 388 eo
686 360 774 388 non
805 346 1050 401 discrepant
1080 345 1247 402 (confer
1278 347 1476 402 exempla
1507 362 1534 389 a
1563 346 1818 391 Mercklinio

289 414 494 473 prolata).
555 415 674 459 Inter
710 431 760 459 ea
797 432 929 460 unum
967 421 1032 460 est
1070 417 1218 460 Sereni
1257 417 1538 474 Sammonici,
1581 419 1655 474 qui
1695 433 1729 461 c.
1760 418 1818 460 23

290 504 328 531 v.
358 488 445 531 429
478 488 585 531 haec
615 489 766 531 habet:

349 582 523 638 Dulcia,
554 583 770 626 Plautus
803 584 881 638 ait,
913 585 1066 640 grandi
1098 585 1239 627 minus
1273 587 1375 639 apta
1405 584 1520 627 lieni.

290 677 412 720 Idem
438 677 623 720 Serenus
650 680 820 734 saepius
847 682 1039 721 veterum
1067 680 1323 734 scriptorum
1356 679 1615 722 auctoritate
1646 679 1816 734 nititur3

290 752 601 793 commemorat
644 750 759 792 enim
803 750 1053 793 Titinium
1096 748 1168 807 (cf.
1200 749 1485 792 Ribbeckium
1525 750 1677 806 fragm.
1710 763 1816 793 com.

290 835 329 875 p.
354 818 474 877 1592)
507 835 540 862 0.
572 820 628 862 59
661 836 698 863 v.
734 822 865 864 1046:

348 913 451 956 Alia
481 897 703 970 praecenit
734 914 901 958 Titini
933 916 1151 958 sententia
1181 915 1294 958 necti
1326 930 1360 957 e.
1393 930 1432 970 q.
1464 930 1496 958 s.

290 1011 333 1051 et
364 1009 660 1052 Lucretium
693 1025 726 1053 c.
758 1012 816 1053 30
847 1026 885 1053 v.
917 1011 1020 1053 613:

348 1104 442 1147 Hoc
473 1105 636 1160 poterit
667 1107 845 1161 quartus
878 1105 1026 1160 magni
1058 1108 1300 1147 monstrare
1332 1104 1540 1147 Lucreti
1571 1119 1605 1148 e.
1637 1120 1676 1161 q.
1708 1120 1741 1148 s.

289 1202 333 1240 et
364 1198 650 1242 Varronem
681 1214 714 1242 c.
746 1200 804 1242 46
836 1215 875 1243 v.
907 1199 1012 1242 850:

347 1293 604 1337 Varronis
636 1293 720 1336 fuit
750 1294 837 1336 ista
869 1293 984 1336 senis
1018 1294 1235 1337 sententia
1266 1308 1300 1336 e.
1331 1309 1370 1350 q.
1403 1309 1435 1336 S.

290 1388 472 1444 denique
503 1388 707 1432 Livium
740 1404 773 1433 c.
805 1390 861 1432 39
894 1405 931 1432 v.
966 1390 1068 1433 728:

347 1484 493 1527 Tertia
523 1500 709 1541 namque
741 1485 848 1528 Titi
881 1485 1009 1528 simul
1042 1488 1085 1527 et
1107 1485 1353 1540 centesima
1383 1484 1497 1527 Livi

347 1554 511 1598 Charta
542 1556 668 1599 docet
700 1571 734 1599 e.
765 1572 804 1612 q.
837 1572 870 1599 s.

289 1649 407 1699 Quae
438 1650 692 1693 testimonia
722 1650 819 1692 ideo
847 1650 1015 1706 collegi,
1040 1664 1094 1692 ne
1121 1650 1217 1706 quis
1237 1653 1398 1692 temere
1419 1649 1720 1692 auctoritatem
1741 1648 1813 1693 Se·
1874 1664 1876 1666 ’

287 1721 379 1763 reni
410 1721 456 1763 in
489 1721 716 1764 afferendis
749 1721 811 1763 eis
845 1736 953 1776 quae
986 1736 1118 1776 supra
1148 1721 1274 1776 posui
1307 1723 1495 1776 spernat.
1539 1720 1703 1770 Quodsi
1734 1721 1816 1764 viri

289 1792 406 1834 docti
438 1793 710 1835 coniecerunt
739 1807 900 1835 novum
932 1792 1010 1834 illa
1041 1792 1173 1835 verba
1204 1806 1298 1833 esse
1330 1791 1477 1834 Plauti
1506 1791 1812 1848 fragmentum,

286 1877 367 1918 ego
399 1864 545 1918 potius
577 1878 629 1905 ex
661 1863 756 1919 ipso
788 1863 866 1905 illo
893 1861 1162 1906 Curculionis
1188 1863 1283 1906 loco
1310 1862 1540 1917 desumpta
1564 1877 1657 1905 esse
1682 1862 1814 1905 credi-

286 1934 440 1990 derim,
483 1935 551 1976 cui
595 1934 759 1989 optime
802 1935 1069 1977 conveniant.
1141 1933 1510 1984 Quemadmodum
1546 1933 1725 1976 Plautus
1764 1948 1815 1976 ea

286 2004 460 2060 dederit,
491 2005 534 2047 id
561 2005 783 2047 enucleare
814 2005 923 2047 velle
955 2005 1143 2047 ludentis
1174 2005 1251 2060 sit,
1281 2019 1368 2046 non
1400 2004 1742 2060 argumentantis
1752 2002 1815 2061 ¹¹²).

403 2075 614 2118 Maiorem
655 2076 852 2118 lacunam
890 2078 991 2130 post
1027 2075 1154 2130 Epid.
1185 2074 1227 2117 II
1259 2076 1305 2130 2,
1337 2075 1364 2116 5
1403 2090 1496 2118 esse
1538 2075 1814 2117 statuendam

286 2146 445 2189 dudum
487 2147 594 2189 vidit
634 2146 684 2189 R.
724 2146 959 2188 Muellerus
1002 2147 1029 2188 l.
1070 2162 1104 2190 0.
1147 2162 1187 2202 p.
1230 2147 1282 2188 16
1303 2161 1364 2202 sq.
1430 2145 1537 2188 Post
1577 2145 1657 2188 hos
1698 2145 1813 2188 enim
1891 2148 1904 2194 j

287 2233 455 2260 versus:
1372 2234 1385 2244 ⁴

382 2372 439 2416 12)
465 2370 548 2415 Ipse
573 2370 646 2406 lusi
671 2371 780 2406 haec:

498 2429 595 2464 Nam
620 2429 754 2474 grandi
778 2429 869 2465 lieni
894 2430 1016 2465 minus
1043 2430 1129 2465 sunt
1153 2431 1241 2475 apta
1265 2428 1401 2465 dulcia.

286 2486 358 2522 Sed
390 2487 463 2523 diei
489 2487 619 2532 nequit
643 2490 871 2534 quantopere
903 2488 1054 2524 omnino
1084 2488 1298 2534 posterioris
1328 2488 1464 2524 aetatis
1497 2487 1707 2532 scriptores,
1736 2497 1812 2523 non
1886 2527 1888 2542 ἶ

284 2548 418 2592 poetae
442 2548 600 2591 tantum,
635 2546 762 2582 Plauti
786 2547 902 2583 verba
926 2547 1103 2582 lacunosa
1126 2546 1187 2582 vel
1211 2558 1279 2592 pro
1304 2546 1379 2582 loci
1403 2545 1589 2581 sententia
1612 2545 1811 2581 immutata

285 2605 538 2650 adhibuerint,
576 2606 618 2641 ut
650 2616 847 2651 perperam
882 2605 953 2641 viri
987 2604 1090 2641 docti
1123 2616 1168 2641 ex
1202 2604 1391 2640 Ammiani
1425 2603 1508 2650 (XV
1524 2607 1591 2647 ,13,
1617 2605 1653 2649 3)
1686 2602 1809 2640 verbis
1885 2635 1887 2637 .

283 2663 400 2700 hisce:
417 2663 577 2700 ‘abiecte
596 2664 754 2710 ignavus
773 2667 822 2709 et,
843 2666 884 2699 ut
898 2663 954 2700 ait
974 2664 1144 2709 comicus,
1165 2664 1246 2700 arte
1265 2663 1441 2709 despecta
1458 2662 1640 2697 furtorum
1659 2662 1809 2707 rapiens

278 2723 498 2769 propalam’
535 2735 672 2759 novum
703 2725 838 2768 poetae
865 2723 995 2758 comici
1019 2723 1270 2768 fragmentum
1296 2721 1475 2767 expiscati
1499 2731 1577 2756 esse
1601 2719 1809 2764 videantur,

285 2781 425 2827 quippe
459 2793 554 2827 quae
592 2782 763 2826 spectent
800 2780 847 2816 ad
883 2780 991 2825 Epid.
1024 2781 1039 2815 I
1073 2785 1110 2825 1,
1138 2785 1193 2815 10.
1243 2779 1297 2815 cf.
1338 2779 1377 2815 O.
1416 2779 1638 2824 Seyffertum
1673 2779 1807 2814 Philol.

287 2841 355 2876 vol.
383 2840 501 2875 XXIX
528 2842 574 2885 (a.
603 2842 709 2886 1869)
734 2852 770 2885 p.
796 2843 865 2874 409
891 2841 929 2875 et
954 2839 993 2874 O.
1021 2839 1264 2874 Ribbeckium
1291 2838 1423 2883 fragm.
1451 2849 1544 2872 com.
1570 2849 1605 2882 p.
1631 2836 1758 2888 XLV'.
