<?xml version="1.0" encoding="UTF-8"?>
<!DOCTYPE html PUBLIC "-//W3C//DTD XHTML 1.0 Transitional//EN"
    "http://www.w3.org/TR/xhtml1/DTD/xhtml1-transitional.dtd">
<html xmlns="http://www.w3.org/1999/xhtml" xml:lang="en" lang="en">
 <head>
  <title>
</title>
<meta http-equiv="Content-Type" content="text/html;charset=utf-8" />
  <meta name='ocr-system' content='tesseract 3.04.00' />
  <meta name='ocr-capabilities' content='ocr_page ocr_carea ocr_par ocr_line ocrx_word'/>
</head>
<body>
  <div class='ocr_page' id='page_1' title='image "analectaplautina00schuoft_0063.png"; bbox 0 0 1904 3106; ppageno 0'>
   <div class='ocr_carea' id='block_1_1' title="bbox 663 128 1403 172">
    <p class='ocr_par' dir='ltr' id='par_1_1' title="bbox 663 128 1403 172">
     <span class='ocr_line' id='line_1_1' title="bbox 663 128 1403 172; baseline 0.011 -10"><span class='ocrx_word' id='word_1_1' title='bbox 663 128 954 172; x_wconf 67' lang='lat'>-49-</span> <span class='ocrx_word' id='word_1_2' title='bbox 1380 144 1403 170; x_wconf 79' lang='grc' dir='ltr'><strong>ο</strong></span> 
     </span>
    </p>
   </div>
   <div class='ocr_carea' id='block_1_2' title="bbox 165 228 1422 715">
    <p class='ocr_par' dir='ltr' id='par_1_2' title="bbox 165 228 1422 715">
     <span class='ocr_line' id='line_1_2' title="bbox 685 228 1391 277; baseline -0.013 0"><span class='ocrx_word' id='word_1_3' title='bbox 685 236 736 277; x_wconf 87' lang='lat' dir='ltr'>e6</span> <span class='ocrx_word' id='word_1_4' title='bbox 765 248 881 276; x_wconf 92' lang='lat' dir='ltr'>nunc</span> <span class='ocrx_word' id='word_1_5' title='bbox 911 231 1197 275; x_wconf 73' lang='lat' dir='ltr'>commentast</span> <span class='ocrx_word' id='word_1_6' title='bbox 1227 228 1391 270; x_wconf 89' lang='lat' dir='ltr'>dolum:</span> 
     </span>
     <span class='ocr_line' id='line_1_3' title="bbox 227 299 1367 363; baseline -0.009 -14"><span class='ocrx_word' id='word_1_7' title='bbox 227 305 449 363; x_wconf 71' lang='lat' dir='ltr'>Peperisse</span> <span class='ocrx_word' id='word_1_8' title='bbox 481 305 657 347; x_wconf 77' lang='lat' dir='ltr'><strong>simulat</strong></span> <span class='ocrx_word' id='word_1_9' title='bbox 687 305 797 359; x_wconf 73' lang='lat' dir='ltr'>sese,</span> <span class='ocrx_word' id='word_1_10' title='bbox 827 307 877 346; x_wconf 89' lang='lat' dir='ltr'>ut</span> <span class='ocrx_word' id='word_1_11' title='bbox 907 318 976 345; x_wconf 90' lang='lat' dir='ltr'>me</span> <span class='ocrx_word' id='word_1_12' title='bbox 1007 301 1207 344; x_wconf 72' lang='lat' dir='ltr'>extrudat</span> <span class='ocrx_word' id='word_1_13' title='bbox 1238 299 1367 340; x_wconf 82' lang='lat' dir='ltr'>foras.</span> 
     </span>
     <span class='ocr_line' id='line_1_4' title="bbox 228 367 1225 433; baseline -0.007 -14"><span class='ocrx_word' id='word_1_14' title='bbox 228 378 371 433; x_wconf 85' lang='lat' dir='ltr'>Atque</span> <span class='ocrx_word' id='word_1_15' title='bbox 400 379 451 418; x_wconf 76' lang='lat' dir='ltr'>lit</span> <span class='ocrx_word' id='word_1_16' title='bbox 481 391 577 418; x_wconf 87' lang='lat' dir='ltr'>cum</span> <span class='ocrx_word' id='word_1_17' title='bbox 609 375 704 417; x_wconf 88' lang='lat' dir='ltr'>solo</span> <span class='ocrx_word' id='word_1_18' title='bbox 734 367 1036 430; x_wconf 67' lang='lat' dir='ltr'>pergraecetur</span> <span class='ocrx_word' id='word_1_19' title='bbox 1068 370 1225 426; x_wconf 70' lang='lat' dir='ltr'>milite,</span> 
     </span>
     <span class='ocr_line' id='line_1_5' title="bbox 165 443 1261 500; baseline -0.009 -8"><span class='ocrx_word' id='word_1_20' title='bbox 165 460 210 492; x_wconf 81' lang='grc'>’10</span> <span class='ocrx_word' id='word_1_21' title='bbox 228 449 340 492; x_wconf 84' lang='lat' dir='ltr'>Eum</span> <span class='ocrx_word' id='word_1_22' title='bbox 372 443 466 490; x_wconf 73' lang='lat' dir='ltr'>esse</span> <span class='ocrx_word' id='word_1_23' title='bbox 498 446 673 489; x_wconf 81' lang='lat' dir='ltr'><strong>simulat</strong></span> <span class='ocrx_word' id='word_1_24' title='bbox 702 443 884 487; x_wconf 80' lang='lat' dir='ltr'>militem</span> <span class='ocrx_word' id='word_1_25' title='bbox 916 445 1048 500; x_wconf 77' lang='lat' dir='ltr'>puero</span> <span class='ocrx_word' id='word_1_26' title='bbox 1080 445 1261 498; x_wconf 85' lang='lat' dir='ltr'>patrem.</span> 
     </span>
     <span class='ocr_line' id='line_1_6' title="bbox 198 506 1422 573; baseline -0.008 -12"><span class='ocrx_word' id='word_1_27' title='bbox 198 506 202 508; x_wconf 37' lang='grc'><strong>’</strong></span> <span class='ocrx_word' id='word_1_28' title='bbox 229 519 342 561; x_wconf 86' lang='lat' dir='ltr'>Eum</span> <span class='ocrx_word' id='word_1_29' title='bbox 373 516 452 560; x_wconf 76' lang='lat' dir='ltr'>isti</span> <span class='ocrx_word' id='word_1_30' title='bbox 479 517 751 573; x_wconf 89' lang='lat' dir='ltr'>suppositum</span> <span class='ocrx_word' id='word_1_31' title='bbox 782 518 960 570; x_wconf 73' lang='lat' dir='ltr'>puerum</span> <span class='ocrx_word' id='word_1_32' title='bbox 993 513 1148 568; x_wconf 87' lang='lat' dir='ltr'>opinor</span> <span class='ocrx_word' id='word_1_33' title='bbox 1178 513 1422 567; x_wconf 73' lang='lat' dir='ltr'>pessumae:</span> 
     </span>
     <span class='ocr_line' id='line_1_7' title="bbox 230 583 1299 632; baseline -0.007 0"><span class='ocrx_word' id='word_1_34' title='bbox 230 589 342 632; x_wconf 89' lang='lat' dir='ltr'>Mihi</span> <span class='ocrx_word' id='word_1_35' title='bbox 373 589 506 631; x_wconf 73' lang='lat' dir='ltr'>verba</span> <span class='ocrx_word' id='word_1_36' title='bbox 535 591 655 630; x_wconf 91' lang='lat' dir='ltr'>retur</span> <span class='ocrx_word' id='word_1_37' title='bbox 686 587 787 630; x_wconf 72' lang='lat' dir='ltr'>dare</span> <span class='ocrx_word' id='word_1_38' title='bbox 820 586 911 628; x_wconf 89' lang='lat' dir='ltr'>sed:</span> <span class='ocrx_word' id='word_1_39' title='bbox 944 601 999 628; x_wconf 91' lang='lat' dir='ltr'>an</span> <span class='ocrx_word' id='word_1_40' title='bbox 1030 599 1099 626; x_wconf 81' lang='lat' dir='ltr'>ine</span> <span class='ocrx_word' id='word_1_41' title='bbox 1130 583 1299 625; x_wconf 73' lang='lat' dir='ltr'>censuit</span> 
     </span>
     <span class='ocr_line' id='line_1_8' title="bbox 232 655 1116 715; baseline -0.006 -13"><span class='ocrx_word' id='word_1_42' title='bbox 232 658 384 702; x_wconf 60' lang='lat' dir='ltr'>Celare</span> <span class='ocrx_word' id='word_1_43' title='bbox 416 675 462 702; x_wconf 88' lang='lat' dir='ltr'>se</span> <span class='ocrx_word' id='word_1_44' title='bbox 492 660 666 715; x_wconf 70' lang='lat' dir='ltr'>potesse</span> <span class='ocrx_word' id='word_1_45' title='bbox 697 658 876 714; x_wconf 86' lang='lat' dir='ltr'>gravida</span> <span class='ocrx_word' id='word_1_46' title='bbox 908 655 948 698; x_wconf 77' lang='lat' dir='ltr'>ss</span> <span class='ocrx_word' id='word_1_47' title='bbox 976 655 1116 698; x_wconf 78' lang='lat' dir='ltr'>foret?</span> 
     </span>
    </p>
   </div>
   <div class='ocr_carea' id='block_1_3' title="bbox 56 722 1460 799">
    <p class='ocr_par' dir='ltr' id='par_1_3' title="bbox 56 722 1460 799">
     <span class='ocr_line' id='line_1_9' title="bbox 56 722 1460 799; baseline -0.007 0"><span class='ocrx_word' id='word_1_48' title='bbox 56 755 139 799; x_wconf 86' lang='lat' dir='ltr'>Sed</span> <span class='ocrx_word' id='word_1_49' title='bbox 173 779 224 786; x_wconf 92' lang='lat'>—</span> <span class='ocrx_word' id='word_1_50' title='bbox 258 755 372 798; x_wconf 90' lang='lat' dir='ltr'>hunc</span> <span class='ocrx_word' id='word_1_51' title='bbox 402 754 595 798; x_wconf 84' lang='lat' dir='ltr'>ordinem</span> <span class='ocrx_word' id='word_1_52' title='bbox 625 756 675 796; x_wconf 87' lang='lat' dir='ltr'>ut</span> <span class='ocrx_word' id='word_1_53' title='bbox 705 767 921 796; x_wconf 83' lang='lat' dir='ltr'>servemus</span> <span class='ocrx_word' id='word_1_54' title='bbox 957 776 1005 782; x_wconf 92' lang='lat'>—-</span> <span class='ocrx_word' id='word_1_55' title='bbox 1042 765 1190 793; x_wconf 85' lang='lat' dir='ltr'>versus</span> <span class='ocrx_word' id='word_1_56' title='bbox 1222 749 1278 792; x_wconf 87' lang='grc'>68</span> <span class='ocrx_word' id='word_1_57' title='bbox 1310 722 1354 790; x_wconf 38' lang='lat' dir='ltr'>e&#39;t</span> <span class='ocrx_word' id='word_1_58' title='bbox 1385 747 1460 789; x_wconf 86' lang='lat'>69:</span> 
     </span>
    </p>
   </div>
   <div class='ocr_carea' id='block_1_4' title="bbox 175 842 1347 977">
    <p class='ocr_par' dir='ltr' id='par_1_4' title="bbox 175 842 1347 977">
     <span class='ocr_line' id='line_1_10' title="bbox 175 842 1347 906; baseline -0.007 -13"><span class='ocrx_word' id='word_1_59' title='bbox 175 842 179 847; x_wconf 44' lang='lat'><strong>¹</strong></span> <span class='ocrx_word' id='word_1_60' title='bbox 232 847 457 906; x_wconf 80' lang='lat' dir='ltr'>Peperisse</span> <span class='ocrx_word' id='word_1_61' title='bbox 489 849 666 892; x_wconf 78' lang='lat' dir='ltr'>simulat</span> <span class='ocrx_word' id='word_1_62' title='bbox 697 849 789 890; x_wconf 72' lang='lat' dir='ltr'>sese</span> <span class='ocrx_word' id='word_1_63' title='bbox 820 851 870 889; x_wconf 87' lang='lat' dir='ltr'>ut</span> <span class='ocrx_word' id='word_1_64' title='bbox 900 861 968 888; x_wconf 89' lang='lat' dir='ltr'>me</span> <span class='ocrx_word' id='word_1_65' title='bbox 999 844 1199 888; x_wconf 69' lang='lat' dir='ltr'>extrudat</span> <span class='ocrx_word' id='word_1_66' title='bbox 1230 844 1347 886; x_wconf 84' lang='lat' dir='ltr'>foras</span> 
     </span>
     <span class='ocr_line' id='line_1_11' title="bbox 234 914 1219 977; baseline -0.007 -13"><span class='ocrx_word' id='word_1_67' title='bbox 234 921 379 977; x_wconf 88' lang='lat' dir='ltr'>Atque</span> <span class='ocrx_word' id='word_1_68' title='bbox 409 924 460 963; x_wconf 69' lang='lat' dir='ltr'>tit</span> <span class='ocrx_word' id='word_1_69' title='bbox 490 935 587 963; x_wconf 90' lang='lat' dir='ltr'>cum</span> <span class='ocrx_word' id='word_1_70' title='bbox 618 919 713 962; x_wconf 87' lang='lat' dir='ltr'>solo</span> <span class='ocrx_word' id='word_1_71' title='bbox 743 919 1049 974; x_wconf 73' lang='lat' dir='ltr'>pergraecetur</span> <span class='ocrx_word' id='word_1_72' title='bbox 1078 914 1219 958; x_wconf 90' lang='lat' dir='ltr'>mssite</span> 
     </span>
    </p>
   </div>
   <div class='ocr_carea' id='block_1_5' title="bbox 59 1009 1583 1070">
    <p class='ocr_par' dir='ltr' id='par_1_5' title="bbox 59 1009 1583 1070">
     <span class='ocr_line' id='line_1_12' title="bbox 59 1009 1583 1070; baseline -0.008 -11"><span class='ocrx_word' id='word_1_73' title='bbox 59 1031 156 1060; x_wconf 92' lang='lat' dir='ltr'>cum</span> <span class='ocrx_word' id='word_1_74' title='bbox 187 1015 348 1058; x_wconf 89' lang='lat' dir='ltr'>criticis</span> <span class='ocrx_word' id='word_1_75' title='bbox 383 1015 469 1058; x_wconf 87' lang='lat' dir='ltr'>illis</span> <span class='ocrx_word' id='word_1_76' title='bbox 506 1015 651 1057; x_wconf 86' lang='lat' dir='ltr'>divelli</span> <span class='ocrx_word' id='word_1_77' title='bbox 689 1028 815 1070; x_wconf 87' lang='lat' dir='ltr'>posse</span> <span class='ocrx_word' id='word_1_78' title='bbox 853 1026 983 1068; x_wconf 84' lang='lat' dir='ltr'>nego:</span> <span class='ocrx_word' id='word_1_79' title='bbox 1026 1026 1127 1054; x_wconf 83' lang='lat' dir='ltr'>nam</span> <span class='ocrx_word' id='word_1_80' title='bbox 1164 1009 1315 1053; x_wconf 89' lang='lat' dir='ltr'>eodem</span> <span class='ocrx_word' id='word_1_81' title='bbox 1354 1011 1583 1062; x_wconf 88' lang='lat' dir='ltr'>utrumque</span> 
     </span>
    </p>
   </div>
   <div class='ocr_carea' id='block_1_6' title="bbox 61 1082 1585 1142">
    <p class='ocr_par' dir='ltr' id='par_1_6' title="bbox 61 1082 1585 1142">
     <span class='ocr_line' id='line_1_13' title="bbox 61 1082 1585 1142; baseline -0.007 -13"><span class='ocrx_word' id='word_1_82' title='bbox 61 1087 302 1129; x_wconf 88' lang='lat' dir='ltr'>membrum</span> <span class='ocrx_word' id='word_1_83' title='bbox 333 1088 502 1142; x_wconf 84' lang='lat' dir='ltr'>spectat</span> <span class='ocrx_word' id='word_1_84' title='bbox 531 1100 609 1140; x_wconf 90' lang='lat' dir='ltr'>per</span> <span class='ocrx_word' id='word_1_85' title='bbox 634 1088 683 1127; x_wconf 77' lang='lat' dir='ltr'>ut</span> <span class='ocrx_word' id='word_1_86' title='bbox 705 1099 951 1140; x_wconf 85' lang='lat' dir='ltr'>expressum</span> <span class='ocrx_word' id='word_1_87' title='bbox 978 1083 1333 1137; x_wconf 85' lang='lat' dir='ltr'>coniunctumque</span> <span class='ocrx_word' id='word_1_88' title='bbox 1364 1094 1441 1135; x_wconf 91' lang='lat' dir='ltr'>per</span> <span class='ocrx_word' id='word_1_89' title='bbox 1464 1082 1585 1131; x_wconf 73' lang='lat' dir='ltr'>atque</span> 
     </span>
    </p>
   </div>
   <div class='ocr_carea' id='block_1_7' title="bbox 60 1150 1585 1271">
    <p class='ocr_par' dir='ltr' id='par_1_7' title="bbox 60 1150 1585 1271">
     <span class='ocr_line' id='line_1_14' title="bbox 61 1150 1585 1213; baseline -0.007 -13"><span class='ocrx_word' id='word_1_90' title='bbox 61 1172 199 1213; x_wconf 89' lang='lat' dir='ltr'>neque</span> <span class='ocrx_word' id='word_1_91' title='bbox 229 1156 414 1199; x_wconf 84' lang='lat' dir='ltr'>alterum</span> <span class='ocrx_word' id='word_1_92' title='bbox 446 1156 499 1198; x_wconf 87' lang='lat' dir='ltr'>ad</span> <span class='ocrx_word' id='word_1_93' title='bbox 523 1156 727 1210; x_wconf 75' lang='lat' dir='ltr'>peperisse</span> <span class='ocrx_word' id='word_1_94' title='bbox 749 1155 921 1197; x_wconf 75' lang='lat' dir='ltr'>simulat</span> <span class='ocrx_word' id='word_1_95' title='bbox 950 1154 1095 1209; x_wconf 88' lang='lat' dir='ltr'>potius</span> <span class='ocrx_word' id='word_1_96' title='bbox 1127 1153 1310 1196; x_wconf 74' lang='lat' dir='ltr'>alterum</span> <span class='ocrx_word' id='word_1_97' title='bbox 1343 1150 1397 1193; x_wconf 85' lang='lat' dir='ltr'>ad</span> <span class='ocrx_word' id='word_1_98' title='bbox 1420 1153 1585 1204; x_wconf 77' lang='lat' dir='ltr'>patrem</span> 
     </span>
     <span class='ocr_line' id='line_1_15' title="bbox 60 1222 1466 1271; baseline -0.006 0"><span class='ocrx_word' id='word_1_99' title='bbox 60 1229 233 1271; x_wconf 77' lang='lat' dir='ltr'>simulat</span> <span class='ocrx_word' id='word_1_100' title='bbox 260 1228 431 1270; x_wconf 77' lang='lat' dir='ltr'>militem</span> <span class='ocrx_word' id='word_1_101' title='bbox 461 1228 562 1270; x_wconf 91' lang='lat' dir='ltr'>licet</span> <span class='ocrx_word' id='word_1_102' title='bbox 591 1227 803 1269; x_wconf 86' lang='lat' dir='ltr'>trahatur.</span> <span class='ocrx_word' id='word_1_103' title='bbox 862 1225 982 1268; x_wconf 89' lang='lat' dir='ltr'>Haec</span> <span class='ocrx_word' id='word_1_104' title='bbox 1014 1226 1052 1267; x_wconf 90' lang='lat' dir='ltr'>si</span> <span class='ocrx_word' id='word_1_105' title='bbox 1083 1227 1198 1266; x_wconf 88' lang='lat' dir='ltr'>esset</span> <span class='ocrx_word' id='word_1_106' title='bbox 1228 1222 1466 1265; x_wconf 89' lang='lat' dir='ltr'>sententia:</span> 
     </span>
    </p>
   </div>
   <div class='ocr_carea' id='block_1_8' title="bbox 238 1318 1549 1516">
    <p class='ocr_par' dir='ltr' id='par_1_8' title="bbox 238 1318 1549 1516">
     <span class='ocr_line' id='line_1_16' title="bbox 238 1318 1392 1377; baseline -0.004 -13"><span class='ocrx_word' id='word_1_107' title='bbox 238 1320 462 1377; x_wconf 73' lang='lat' dir='ltr'>Peperisse</span> <span class='ocrx_word' id='word_1_108' title='bbox 494 1321 671 1363; x_wconf 83' lang='lat' dir='ltr'>simulat</span> <span class='ocrx_word' id='word_1_109' title='bbox 702 1321 814 1375; x_wconf 71' lang='lat' dir='ltr'>sese,</span> <span class='ocrx_word' id='word_1_110' title='bbox 844 1322 892 1362; x_wconf 89' lang='lat' dir='ltr'>ut</span> <span class='ocrx_word' id='word_1_111' title='bbox 922 1334 991 1361; x_wconf 90' lang='lat' dir='ltr'>me</span> <span class='ocrx_word' id='word_1_112' title='bbox 1022 1318 1225 1361; x_wconf 73' lang='lat' dir='ltr'>extrudat</span> <span class='ocrx_word' id='word_1_113' title='bbox 1255 1318 1392 1372; x_wconf 81' lang='lat' dir='ltr'>foras3</span> 
     </span>
     <span class='ocr_line' id='line_1_17' title="bbox 242 1388 1549 1447; baseline -0.004 -13"><span class='ocrx_word' id='word_1_114' title='bbox 242 1391 386 1447; x_wconf 79' lang='lat' dir='ltr'>Atque</span> <span class='ocrx_word' id='word_1_115' title='bbox 416 1395 473 1434; x_wconf 72' lang='lat' dir='ltr'>tit</span> <span class='ocrx_word' id='word_1_116' title='bbox 502 1406 606 1433; x_wconf 91' lang='lat' dir='ltr'>rem</span> <span class='ocrx_word' id='word_1_117' title='bbox 637 1391 698 1433; x_wconf 87' lang='lat' dir='ltr'>ab</span> <span class='ocrx_word' id='word_1_118' title='bbox 729 1391 825 1433; x_wconf 94' lang='lat' dir='ltr'>illo</span> <span class='ocrx_word' id='word_1_119' title='bbox 857 1392 1069 1433; x_wconf 80' lang='lat' dir='ltr'>avorrat</span> <span class='ocrx_word' id='word_1_120' title='bbox 1100 1404 1208 1433; x_wconf 89' lang='lat' dir='ltr'>cum</span> <span class='ocrx_word' id='word_1_121' title='bbox 1239 1388 1549 1445; x_wconf 79' lang='lat' dir='ltr'>pulviscuIO,</span> 
     </span>
     <span class='ocr_line' id='line_1_18' title="bbox 242 1460 1285 1516; baseline -0.003 -11"><span class='ocrx_word' id='word_1_122' title='bbox 242 1462 356 1505; x_wconf 81' lang='lat' dir='ltr'>Eum</span> <span class='ocrx_word' id='word_1_123' title='bbox 386 1464 479 1505; x_wconf 69' lang='lat' dir='ltr'>esse</span> <span class='ocrx_word' id='word_1_124' title='bbox 510 1462 688 1504; x_wconf 76' lang='lat' dir='ltr'>simulat</span> <span class='ocrx_word' id='word_1_125' title='bbox 718 1460 903 1503; x_wconf 75' lang='lat' dir='ltr'>militem</span> <span class='ocrx_word' id='word_1_126' title='bbox 934 1462 1066 1516; x_wconf 88' lang='lat' dir='ltr'>puer6</span> <span class='ocrx_word' id='word_1_127' title='bbox 1098 1462 1285 1516; x_wconf 86' lang='lat' dir='ltr'>patrem,</span> 
     </span>
    </p>
   </div>
   <div class='ocr_carea' id='block_1_9' title="bbox 65 1553 1591 1681">
    <p class='ocr_par' dir='ltr' id='par_1_9' title="bbox 65 1553 1591 1681">
     <span class='ocr_line' id='line_1_19' title="bbox 65 1553 1590 1610; baseline -0.005 -10"><span class='ocrx_word' id='word_1_128' title='bbox 65 1560 159 1600; x_wconf 83' lang='lat' dir='ltr'>tum</span> <span class='ocrx_word' id='word_1_129' title='bbox 189 1559 303 1600; x_wconf 88' lang='lat' dir='ltr'>recte</span> <span class='ocrx_word' id='word_1_130' title='bbox 334 1557 456 1598; x_wconf 81' lang='lat' dir='ltr'>fieret</span> <span class='ocrx_word' id='word_1_131' title='bbox 483 1556 723 1598; x_wconf 85' lang='lat' dir='ltr'>distinctio:</span> <span class='ocrx_word' id='word_1_132' title='bbox 754 1556 842 1597; x_wconf 87' lang='lat' dir='ltr'>iam</span> <span class='ocrx_word' id='word_1_133' title='bbox 867 1570 976 1610; x_wconf 87' lang='lat' dir='ltr'>quae</span> <span class='ocrx_word' id='word_1_134' title='bbox 1007 1569 1085 1610; x_wconf 90' lang='lat' dir='ltr'>per</span> <span class='ocrx_word' id='word_1_135' title='bbox 1110 1554 1287 1596; x_wconf 86' lang='lat' dir='ltr'>eandem</span> <span class='ocrx_word' id='word_1_136' title='bbox 1314 1553 1590 1595; x_wconf 87' lang='lat' dir='ltr'>continentur</span> 
     </span>
     <span class='ocr_line' id='line_1_20' title="bbox 69 1623 1591 1681; baseline -0.004 -11"><span class='ocrx_word' id='word_1_137' title='bbox 69 1628 327 1670; x_wconf 84' lang='lat' dir='ltr'>sententiam</span> <span class='ocrx_word' id='word_1_138' title='bbox 358 1627 567 1669; x_wconf 84' lang='lat' dir='ltr'>orationis</span> <span class='ocrx_word' id='word_1_139' title='bbox 599 1641 766 1681; x_wconf 90' lang='lat' dir='ltr'>quoque</span> <span class='ocrx_word' id='word_1_140' title='bbox 796 1629 948 1668; x_wconf 85' lang='lat' dir='ltr'>tenore</span> <span class='ocrx_word' id='word_1_141' title='bbox 979 1625 1239 1668; x_wconf 88' lang='lat' dir='ltr'>conectenda</span> <span class='ocrx_word' id='word_1_142' title='bbox 1267 1627 1378 1667; x_wconf 78' lang='lat' dir='ltr'>sunt,</span> <span class='ocrx_word' id='word_1_143' title='bbox 1428 1623 1591 1674; x_wconf 84' lang='lat' dir='ltr'>Quodsi</span> 
     </span>
    </p>
   </div>
   <div class='ocr_carea' id='block_1_10' title="bbox 67 1695 1592 1811">
    <p class='ocr_par' dir='ltr' id='par_1_10' title="bbox 67 1695 1592 1811">
     <span class='ocr_line' id='line_1_21' title="bbox 67 1695 1592 1753; baseline -0.003 -13"><span class='ocrx_word' id='word_1_144' title='bbox 67 1701 167 1753; x_wconf 88' lang='lat' dir='ltr'>post</span> <span class='ocrx_word' id='word_1_145' title='bbox 204 1699 335 1741; x_wconf 81' lang='lat' dir='ltr'>milite</span> <span class='ocrx_word' id='word_1_146' title='bbox 373 1697 729 1752; x_wconf 85' lang='lat' dir='ltr'>interpungamus</span> <span class='ocrx_word' id='word_1_147' title='bbox 769 1699 960 1752; x_wconf 89' lang='lat' dir='ltr'>oportet,</span> <span class='ocrx_word' id='word_1_148' title='bbox 1015 1711 1141 1738; x_wconf 88' lang='lat' dir='ltr'>nemo</span> <span class='ocrx_word' id='word_1_149' title='bbox 1193 1710 1281 1737; x_wconf 93' lang='lat' dir='ltr'>non</span> <span class='ocrx_word' id='word_1_150' title='bbox 1323 1695 1440 1738; x_wconf 88' lang='lat' dir='ltr'>videt</span> <span class='ocrx_word' id='word_1_151' title='bbox 1483 1709 1592 1749; x_wconf 89' lang='lat' dir='ltr'>quae</span> 
     </span>
     <span class='ocr_line' id='line_1_22' title="bbox 69 1773 289 1811; baseline 0.005 -1"><span class='ocrx_word' id='word_1_152' title='bbox 69 1773 289 1811; x_wconf 86' lang='lat' dir='ltr'>secuntur:</span> 
     </span>
    </p>
   </div>
   <div class='ocr_carea' id='block_1_11' title="bbox 245 1850 1439 1978">
    <p class='ocr_par' dir='ltr' id='par_1_11' title="bbox 245 1850 1439 1978">
     <span class='ocr_line' id='line_1_23' title="bbox 245 1850 1279 1906; baseline -0.001 -13"><span class='ocrx_word' id='word_1_153' title='bbox 245 1851 360 1894; x_wconf 87' lang='lat' dir='ltr'>Eum</span> <span class='ocrx_word' id='word_1_154' title='bbox 390 1852 484 1893; x_wconf 76' lang='lat' dir='ltr'>esse</span> <span class='ocrx_word' id='word_1_155' title='bbox 515 1852 691 1894; x_wconf 77' lang='lat' dir='ltr'>simulat</span> <span class='ocrx_word' id='word_1_156' title='bbox 721 1850 907 1894; x_wconf 77' lang='lat' dir='ltr'>militem</span> <span class='ocrx_word' id='word_1_157' title='bbox 936 1852 1068 1906; x_wconf 77' lang='lat' dir='ltr'>puero</span> <span class='ocrx_word' id='word_1_158' title='bbox 1100 1853 1279 1906; x_wconf 87' lang='lat' dir='ltr'>patrem.</span> 
     </span>
     <span class='ocr_line' id='line_1_24' title="bbox 250 1921 1439 1978; baseline -0.003 -13"><span class='ocrx_word' id='word_1_159' title='bbox 250 1922 364 1965; x_wconf 88' lang='lat' dir='ltr'>Eum</span> <span class='ocrx_word' id='word_1_160' title='bbox 394 1921 473 1964; x_wconf 81' lang='lat' dir='ltr'>istl&#39;</span> <span class='ocrx_word' id='word_1_161' title='bbox 500 1923 773 1978; x_wconf 87' lang='lat' dir='ltr'>suppositum</span> <span class='ocrx_word' id='word_1_162' title='bbox 803 1925 984 1978; x_wconf 69' lang='lat' dir='ltr'>puerum</span> <span class='ocrx_word' id='word_1_163' title='bbox 1016 1921 1173 1976; x_wconf 88' lang='lat' dir='ltr'>opinor</span> <span class='ocrx_word' id='word_1_164' title='bbox 1202 1921 1439 1976; x_wconf 72' lang='lat' dir='ltr'>pessumae.</span> 
     </span>
    </p>
   </div>
   <div class='ocr_carea' id='block_1_12' title="bbox 73 2015 1595 2072">
    <p class='ocr_par' dir='ltr' id='par_1_12' title="bbox 73 2015 1595 2072">
     <span class='ocr_line' id='line_1_25' title="bbox 73 2015 1595 2072; baseline -0.001 -13"><span class='ocrx_word' id='word_1_165' title='bbox 73 2017 193 2059; x_wconf 87' lang='lat' dir='ltr'>nullo</span> <span class='ocrx_word' id='word_1_166' title='bbox 232 2031 407 2072; x_wconf 89' lang='lat' dir='ltr'>prorsus</span> <span class='ocrx_word' id='word_1_167' title='bbox 447 2016 619 2059; x_wconf 84' lang='lat' dir='ltr'>vinculo</span> <span class='ocrx_word' id='word_1_168' title='bbox 657 2015 897 2072; x_wconf 79' lang='lat' dir='ltr'>constringi</span> <span class='ocrx_word' id='word_1_169' title='bbox 933 2030 982 2058; x_wconf 90' lang='lat' dir='ltr'>ac</span> <span class='ocrx_word' id='word_1_170' title='bbox 1021 2016 1152 2070; x_wconf 86' lang='lat' dir='ltr'>plane</span> <span class='ocrx_word' id='word_1_171' title='bbox 1190 2030 1239 2057; x_wconf 85' lang='lat' dir='ltr'>ex</span> <span class='ocrx_word' id='word_1_172' title='bbox 1281 2015 1595 2058; x_wconf 88' lang='lat' dir='ltr'>sententiarum</span> 
     </span>
    </p>
   </div>
   <div class='ocr_carea' id='block_1_13' title="bbox 0 2086 1595 2214">
    <p class='ocr_par' dir='ltr' id='par_1_13' title="bbox 0 2086 1595 2225">
     <span class='ocr_line' id='line_1_26' title="bbox 0 2086 1595 2142; baseline -0.001 -13"><span class='ocrx_word' id='word_1_173' title='bbox 0 2133 2 2135; x_wconf 62' lang='grc'><strong>,</strong></span> <span class='ocrx_word' id='word_1_174' title='bbox 73 2102 185 2130; x_wconf 84' lang='lat' dir='ltr'>nexu</span> <span class='ocrx_word' id='word_1_175' title='bbox 221 2087 426 2129; x_wconf 84' lang='lat' dir='ltr'>excidere.</span> <span class='ocrx_word' id='word_1_176' title='bbox 487 2086 569 2129; x_wconf 85' lang='lat' dir='ltr'>Sed</span> <span class='ocrx_word' id='word_1_177' title='bbox 607 2087 814 2129; x_wconf 85' lang='lat' dir='ltr'>accedunt</span> <span class='ocrx_word' id='word_1_178' title='bbox 853 2087 956 2129; x_wconf 83' lang='lat' dir='ltr'>alia:</span> <span class='ocrx_word' id='word_1_179' title='bbox 1000 2087 1197 2142; x_wconf 82' lang='lat' dir='ltr'>proxima</span> <span class='ocrx_word' id='word_1_180' title='bbox 1234 2087 1401 2129; x_wconf 90' lang='lat' dir='ltr'>demum</span> <span class='ocrx_word' id='word_1_181' title='bbox 1441 2101 1595 2128; x_wconf 87' lang='lat' dir='ltr'>scaeua</span> 
     </span>
     <span class='ocr_line' id='line_1_27' title="bbox 77 2156 1595 2214; baseline -0.001 -14.048"><span class='ocrx_word' id='word_1_182' title='bbox 77 2172 172 2200; x_wconf 87' lang='lat' dir='ltr'>cum</span> <span class='ocrx_word' id='word_1_183' title='bbox 215 2170 266 2200; x_wconf 83' lang='lat' dir='ltr'>ex</span> <span class='ocrx_word' id='word_1_184' title='bbox 305 2158 519 2213; x_wconf 75' lang='lat' dir='ltr'>Astaphio</span> <span class='ocrx_word' id='word_1_185' title='bbox 559 2156 819 2200; x_wconf 82' lang='lat' dir='ltr'>Diniarchus</span> <span class='ocrx_word' id='word_1_186' title='bbox 862 2157 1020 2200; x_wconf 79' lang='lat' dir='ltr'>certior</span> <span class='ocrx_word' id='word_1_187' title='bbox 1062 2158 1140 2200; x_wconf 90' lang='lat' dir='ltr'>fiat</span> <span class='ocrx_word' id='word_1_188' title='bbox 1183 2172 1391 2213; x_wconf 81' lang='lat' dir='ltr'>pue-rum</span> <span class='ocrx_word' id='word_1_189' title='bbox 1430 2157 1488 2213; x_wconf 87' lang='lat' dir='ltr'>(v.</span> <span class='ocrx_word' id='word_1_190' title='bbox 1520 2157 1595 2214; x_wconf 84' lang='lat'>99)</span> 
     </span>
    </p>
   </div>
   <div class='ocr_carea' id='block_1_14' title="bbox 0 2227 1598 2283">
    <p class='ocr_par' dir='ltr' id='par_1_14' title="bbox 0 2227 1598 2283">
     <span class='ocr_line' id='line_1_28' title="bbox 0 2227 1598 2283; baseline 0 -13"><span class='ocrx_word' id='word_1_191' title='bbox 0 2230 4 2235; x_wconf 85' lang='lat'>&#39;</span> <span class='ocrx_word' id='word_1_192' title='bbox 76 2227 358 2270; x_wconf 88' lang='lat' dir='ltr'>Phronesium</span> <span class='ocrx_word' id='word_1_193' title='bbox 402 2229 602 2283; x_wconf 83' lang='lat' dir='ltr'>edidisse,</span> <span class='ocrx_word' id='word_1_194' title='bbox 646 2243 743 2270; x_wconf 91' lang='lat' dir='ltr'>cum</span> <span class='ocrx_word' id='word_1_195' title='bbox 785 2229 936 2270; x_wconf 88' lang='lat' dir='ltr'>deinde</span> <span class='ocrx_word' id='word_1_196' title='bbox 979 2229 1075 2283; x_wconf 86' lang='lat' dir='ltr'>ipsa</span> <span class='ocrx_word' id='word_1_197' title='bbox 1112 2229 1151 2270; x_wconf 91' lang='lat' dir='ltr'>ei</span> <span class='ocrx_word' id='word_1_198' title='bbox 1187 2230 1390 2270; x_wconf 81' lang='lat' dir='ltr'>meretrix</span> <span class='ocrx_word' id='word_1_199' title='bbox 1428 2231 1598 2270; x_wconf 87' lang='lat' dir='ltr'>enarret</span> 
     </span>
    </p>
   </div>
   <div class='ocr_carea' id='block_1_15' title="bbox 77 2296 1600 2425">
    <p class='ocr_par' dir='ltr' id='par_1_15' title="bbox 77 2296 1600 2425">
     <span class='ocr_line' id='line_1_29' title="bbox 77 2296 1599 2355; baseline 0.001 -16"><span class='ocrx_word' id='word_1_200' title='bbox 77 2296 151 2354; x_wconf 87' lang='lat' dir='ltr'>(II,</span> <span class='ocrx_word' id='word_1_201' title='bbox 175 2298 216 2349; x_wconf 88' lang='lat'>4,</span> <span class='ocrx_word' id='word_1_202' title='bbox 241 2297 317 2355; x_wconf 86' lang='lat'>50)</span> <span class='ocrx_word' id='word_1_203' title='bbox 350 2298 564 2354; x_wconf 88' lang='lat' dir='ltr'>quomodo</span> <span class='ocrx_word' id='word_1_204' title='bbox 593 2299 780 2340; x_wconf 84' lang='lat' dir='ltr'>tonstrix</span> <span class='ocrx_word' id='word_1_205' title='bbox 813 2298 1007 2353; x_wconf 77' lang='lat' dir='ltr'>‘puerum</span> <span class='ocrx_word' id='word_1_206' title='bbox 1040 2302 1115 2341; x_wconf 90' lang='lat' dir='ltr'>aut</span> <span class='ocrx_word' id='word_1_207' title='bbox 1144 2298 1347 2353; x_wconf 90' lang='lat' dir='ltr'>puellam&#39;</span> <span class='ocrx_word' id='word_1_208' title='bbox 1386 2299 1459 2355; x_wconf 91' lang='lat' dir='ltr'>qui</span> <span class='ocrx_word' id='word_1_209' title='bbox 1501 2314 1599 2354; x_wconf 90' lang='lat' dir='ltr'>sup-</span> 
     </span>
     <span class='ocr_line' id='line_1_30' title="bbox 78 2367 1600 2425; baseline 0 -15"><span class='ocrx_word' id='word_1_210' title='bbox 78 2370 294 2422; x_wconf 81' lang='lat' dir='ltr'>ponantur</span> <span class='ocrx_word' id='word_1_211' title='bbox 330 2367 669 2425; x_wconf 81' lang='lat' dir='ltr'>quaesiverit⁹²)‚</span> <span class='ocrx_word' id='word_1_212' title='bbox 713 2371 840 2412; x_wconf 87' lang='lat' dir='ltr'>antea</span> <span class='ocrx_word' id='word_1_213' title='bbox 878 2369 988 2411; x_wconf 81' lang='lat' dir='ltr'>nihil</span> <span class='ocrx_word' id='word_1_214' title='bbox 1027 2369 1191 2411; x_wconf 82' lang='lat' dir='ltr'>audivit</span> <span class='ocrx_word' id='word_1_215' title='bbox 1226 2370 1311 2412; x_wconf 92' lang='lat' dir='ltr'>nisi</span> <span class='ocrx_word' id='word_1_216' title='bbox 1350 2368 1600 2425; x_wconf 76' lang='lat' dir='ltr'>‘peperisse&#39;</span> 
     </span>
    </p>
   </div>
   <div class='ocr_carea' id='block_1_16' title="bbox 82 2463 363 2469">
    <p class='ocr_par' dir='ltr' id='par_1_16' title="bbox 82 2463 363 2469">
     <span class='ocr_line' id='line_1_31' title="bbox 82 2463 363 2469; baseline 0 0"><span class='ocrx_word' id='word_1_217' title='bbox 82 2463 363 2469; x_wconf 95' lang='lat' dir='ltr'> </span> 
     </span>
    </p>
   </div>
   <div class='ocr_carea' id='block_1_17' title="bbox 81 2506 1605 2846">
    <p class='ocr_par' dir='ltr' id='par_1_17' title="bbox 81 2506 1605 2846">
     <span class='ocr_line' id='line_1_32' title="bbox 173 2506 1603 2554; baseline 0.001 -13"><span class='ocrx_word' id='word_1_218' title='bbox 173 2508 234 2552; x_wconf 82' lang='lat'>92)</span> <span class='ocrx_word' id='word_1_219' title='bbox 266 2506 437 2542; x_wconf 88' lang='lat' dir='ltr'>Ceterum</span> <span class='ocrx_word' id='word_1_220' title='bbox 470 2507 570 2552; x_wconf 85' lang='lat' dir='ltr'>quod</span> <span class='ocrx_word' id='word_1_221' title='bbox 601 2509 706 2543; x_wconf 86' lang='lat' dir='ltr'>erant</span> <span class='ocrx_word' id='word_1_222' title='bbox 736 2508 801 2553; x_wconf 85' lang='lat' dir='ltr'>qui</span> <span class='ocrx_word' id='word_1_223' title='bbox 832 2508 1036 2544; x_wconf 79' lang='lat' dir='ltr'>dissensum</span> <span class='ocrx_word' id='word_1_224' title='bbox 1074 2509 1260 2554; x_wconf 78' lang='lat' dir='ltr'>quendam</span> <span class='ocrx_word' id='word_1_225' title='bbox 1297 2510 1470 2544; x_wconf 83' lang='lat' dir='ltr'>notarent</span> <span class='ocrx_word' id='word_1_226' title='bbox 1506 2508 1603 2543; x_wconf 88' lang='lat' dir='ltr'>inter</span> 
     </span>
     <span class='ocr_line' id='line_1_33' title="bbox 81 2564 1603 2613; baseline 0.001 -13"><span class='ocrx_word' id='word_1_227' title='bbox 81 2564 253 2610; x_wconf 81' lang='lat' dir='ltr'>Astaphii</span> <span class='ocrx_word' id='word_1_228' title='bbox 283 2565 534 2601; x_wconf 75' lang='lat' dir='ltr'>narrationem</span> <span class='ocrx_word' id='word_1_229' title='bbox 567 2567 864 2602; x_wconf 77' lang='lat' dir='ltr'>commenticiam</span> <span class='ocrx_word' id='word_1_230' title='bbox 891 2567 932 2611; x_wconf 84' lang='grc' dir='ltr'>(Ι,</span> <span class='ocrx_word' id='word_1_231' title='bbox 958 2572 991 2612; x_wconf 78' lang='lat'>2,</span> <span class='ocrx_word' id='word_1_232' title='bbox 1011 2570 1188 2613; x_wconf 84' lang='lat'>93—100)</span> <span class='ocrx_word' id='word_1_233' title='bbox 1221 2567 1458 2612; x_wconf 86' lang='lat' dir='ltr'>eiusdemque</span> <span class='ocrx_word' id='word_1_234' title='bbox 1489 2567 1603 2602; x_wconf 77' lang='lat' dir='ltr'>verba</span> 
     </span>
     <span class='ocr_line' id='line_1_34' title="bbox 82 2623 1604 2672; baseline 0.001 -14"><span class='ocrx_word' id='word_1_235' title='bbox 82 2623 128 2668; x_wconf 89' lang='lat'>11,</span> <span class='ocrx_word' id='word_1_236' title='bbox 149 2628 181 2668; x_wconf 91' lang='lat'>1,</span> <span class='ocrx_word' id='word_1_237' title='bbox 200 2627 244 2659; x_wconf 85' lang='lat'>5:</span> <span class='ocrx_word' id='word_1_238' title='bbox 277 2624 407 2660; x_wconf 79' lang='lat' dir='ltr'>Verum</span> <span class='ocrx_word' id='word_1_239' title='bbox 431 2629 523 2670; x_wconf 76' lang='lat' dir='ltr'>aput</span> <span class='ocrx_word' id='word_1_240' title='bbox 545 2626 642 2661; x_wconf 77' lang='lat' dir='ltr'>hune</span> <span class='ocrx_word' id='word_1_241' title='bbox 664 2636 744 2661; x_wconf 80' lang='lat' dir='ltr'>mea</span> <span class='ocrx_word' id='word_1_242' title='bbox 767 2636 830 2661; x_wconf 80' lang='lat' dir='ltr'>era</span> <span class='ocrx_word' id='word_1_243' title='bbox 853 2636 923 2661; x_wconf 81' lang='lat' dir='ltr'>sua</span> <span class='ocrx_word' id='word_1_244' title='bbox 948 2626 1101 2661; x_wconf 73' lang='lat' dir='ltr'>consilia</span> <span class='ocrx_word' id='word_1_245' title='bbox 1125 2637 1265 2661; x_wconf 83' lang='lat' dir='ltr'>summa</span> <span class='ocrx_word' id='word_1_246' title='bbox 1290 2627 1470 2672; x_wconf 75' lang='lat' dir='ltr'>eloquitur</span> <span class='ocrx_word' id='word_1_247' title='bbox 1495 2626 1604 2660; x_wconf 80' lang='lat' dir='ltr'>libere</span> 
     </span>
     <span class='ocr_line' id='line_1_35' title="bbox 83 2683 1605 2729; baseline 0.001 -12"><span class='ocrx_word' id='word_1_248' title='bbox 83 2683 174 2726; x_wconf 56' lang='lat' dir='ltr'>eet,</span> <span class='ocrx_word' id='word_1_249' title='bbox 212 2693 287 2718; x_wconf 87' lang='lat' dir='ltr'>non</span> <span class='ocrx_word' id='word_1_250' title='bbox 318 2683 409 2718; x_wconf 84' lang='lat' dir='ltr'>satis</span> <span class='ocrx_word' id='word_1_251' title='bbox 440 2685 677 2729; x_wconf 84' lang='lat' dir='ltr'>respexerunt</span> <span class='ocrx_word' id='word_1_252' title='bbox 708 2683 810 2719; x_wconf 84' lang='lat' dir='ltr'>aliud</span> <span class='ocrx_word' id='word_1_253' title='bbox 841 2695 936 2728; x_wconf 86' lang='lat' dir='ltr'>esse,</span> <span class='ocrx_word' id='word_1_254' title='bbox 972 2684 1003 2719; x_wconf 85' lang='lat' dir='ltr'>si</span> <span class='ocrx_word' id='word_1_255' title='bbox 1023 2695 1091 2729; x_wconf 88' lang='lat' dir='ltr'>per</span> <span class='ocrx_word' id='word_1_256' title='bbox 1116 2684 1315 2723; x_wconf 79' lang='lat' dir='ltr'>ancillulae</span> <span class='ocrx_word' id='word_1_257' title='bbox 1339 2684 1605 2729; x_wconf 74' lang='lat' dir='ltr'>loquacitatem</span> 
     </span>
     <span class='ocr_line' id='line_1_36' title="bbox 83 2739 1604 2788; baseline 0.001 -13"><span class='ocrx_word' id='word_1_258' title='bbox 83 2739 305 2776; x_wconf 84' lang='lat' dir='ltr'>Diniarchus</span> <span class='ocrx_word' id='word_1_259' title='bbox 330 2753 408 2777; x_wconf 89' lang='lat' dir='ltr'>rem</span> <span class='ocrx_word' id='word_1_260' title='bbox 433 2742 688 2787; x_wconf 82' lang='lat' dir='ltr'>comperisset,</span> <span class='ocrx_word' id='word_1_261' title='bbox 713 2742 815 2777; x_wconf 85' lang='lat' dir='ltr'>aliud</span> <span class='ocrx_word' id='word_1_262' title='bbox 841 2742 873 2777; x_wconf 90' lang='lat' dir='ltr'>si</span> <span class='ocrx_word' id='word_1_263' title='bbox 899 2753 967 2788; x_wconf 90' lang='lat' dir='ltr'>per</span> <span class='ocrx_word' id='word_1_264' title='bbox 990 2743 1132 2778; x_wconf 80' lang='lat' dir='ltr'>amicae</span> <span class='ocrx_word' id='word_1_265' title='bbox 1152 2743 1412 2779; x_wconf 83' lang='lat' dir='ltr'>confidentiam</span> <span class='ocrx_word' id='word_1_266' title='bbox 1438 2741 1604 2780; x_wconf 73' lang='lat' dir='ltr'>conscius</span> 
     </span>
     <span class='ocr_line' id='line_1_37' title="bbox 83 2797 1604 2846; baseline 0.003 -14"><span class='ocrx_word' id='word_1_267' title='bbox 83 2797 209 2836; x_wconf 72' lang='lat' dir='ltr'>fiebat.</span> <span class='ocrx_word' id='word_1_268' title='bbox 257 2801 315 2835; x_wconf 89' lang='lat' dir='ltr'>Ab</span> <span class='ocrx_word' id='word_1_269' title='bbox 339 2800 446 2836; x_wconf 89' lang='lat' dir='ltr'>initio</span> <span class='ocrx_word' id='word_1_270' title='bbox 470 2799 714 2835; x_wconf 85' lang='lat' dir='ltr'>Phronesium</span> <span class='ocrx_word' id='word_1_271' title='bbox 739 2812 853 2846; x_wconf 86' lang='lat' dir='ltr'>penes</span> <span class='ocrx_word' id='word_1_272' title='bbox 878 2802 1042 2837; x_wconf 83' lang='lat' dir='ltr'>animum</span> <span class='ocrx_word' id='word_1_273' title='bbox 1067 2802 1261 2837; x_wconf 84' lang='lat' dir='ltr'>constituit</span> <span class='ocrx_word' id='word_1_274' title='bbox 1295 2802 1350 2837; x_wconf 89' lang='lat' dir='ltr'>ita</span> <span class='ocrx_word' id='word_1_275' title='bbox 1380 2802 1479 2836; x_wconf 84' lang='lat' dir='ltr'>illius</span> <span class='ocrx_word' id='word_1_276' title='bbox 1504 2813 1604 2837; x_wconf 84' lang='lat' dir='ltr'>amo·</span> 
     </span>
    </p>
   </div>
   <div class='ocr_carea' id='block_1_18' title="bbox 85 2858 1604 2954">
    <p class='ocr_par' dir='ltr' id='par_1_18' title="bbox 85 2858 1604 2954">
     <span class='ocr_line' id='line_1_38' title="bbox 85 2858 1604 2906; baseline 0.002 -14"><span class='ocrx_word' id='word_1_277' title='bbox 85 2867 164 2892; x_wconf 85' lang='lat' dir='ltr'>rem</span> <span class='ocrx_word' id='word_1_278' title='bbox 187 2858 420 2893; x_wconf 88' lang='lat' dir='ltr'>retinendum</span> <span class='ocrx_word' id='word_1_279' title='bbox 445 2869 542 2903; x_wconf 87' lang='lat' dir='ltr'>esse,</span> <span class='ocrx_word' id='word_1_280' title='bbox 567 2860 610 2893; x_wconf 86' lang='lat' dir='ltr'>ut</span> <span class='ocrx_word' id='word_1_281' title='bbox 633 2858 747 2894; x_wconf 87' lang='lat' dir='ltr'>libere</span> <span class='ocrx_word' id='word_1_282' title='bbox 774 2860 929 2895; x_wconf 85' lang='lat' dir='ltr'>consilia</span> <span class='ocrx_word' id='word_1_283' title='bbox 954 2861 1164 2906; x_wconf 81' lang='lat' dir='ltr'>eloquatur;</span> <span class='ocrx_word' id='word_1_284' title='bbox 1190 2863 1302 2905; x_wconf 85' lang='lat' dir='ltr'>atque</span> <span class='ocrx_word' id='word_1_285' title='bbox 1327 2861 1435 2896; x_wconf 86' lang='lat' dir='ltr'>huius</span> <span class='ocrx_word' id='word_1_286' title='bbox 1462 2860 1604 2895; x_wconf 80' lang='lat' dir='ltr'>consilii</span> 
     </span>
     <span class='ocr_line' id='line_1_39' title="bbox 157 2922 1324 2954; baseline 0.01 -6"><span class='ocrx_word' id='word_1_287' title='bbox 157 2922 303 2949; x_wconf 72' lang='lat' dir='ltr'>Analecta</span> <span class='ocrx_word' id='word_1_288' title='bbox 327 2924 423 2951; x_wconf 73' lang='lat' dir='ltr'>Plaut.</span> <span class='ocrx_word' id='word_1_289' title='bbox 1301 2924 1324 2954; x_wconf 77' lang='lat'>4</span> 
     </span>
    </p>
   </div>
  </div>
 </body>
</html>
