<?xml version="1.0" encoding="UTF-8"?>
<!DOCTYPE html PUBLIC "-//W3C//DTD XHTML 1.0 Transitional//EN"
    "http://www.w3.org/TR/xhtml1/DTD/xhtml1-transitional.dtd">
<html xmlns="http://www.w3.org/1999/xhtml" xml:lang="en" lang="en">
 <head>
  <title>
</title>
<meta http-equiv="Content-Type" content="text/html;charset=utf-8" />
  <meta name='ocr-system' content='tesseract 3.04.00' />
  <meta name='ocr-capabilities' content='ocr_page ocr_carea ocr_par ocr_line ocrx_word'/>
</head>
<body>
  <div class='ocr_page' id='page_1' title='image "analectaplautina00schuoft_0106.png"; bbox 0 0 1904 3106; ppageno 0'>
   <div class='ocr_carea' id='block_1_1' title="bbox 900 67 1189 109">
    <p class='ocr_par' dir='ltr' id='par_1_1' title="bbox 900 67 1189 109">
     <span class='ocr_line' id='line_1_1' title="bbox 900 67 1189 109; baseline 0.003 -13"><span class='ocrx_word' id='word_1_1' title='bbox 900 67 1189 109; x_wconf 52' lang='grc' dir='ltr'>ῌ92-</span> 
     </span>
    </p>
   </div>
   <div class='ocr_carea' id='block_1_2' title="bbox 662 129 1425 226">
    <p class='ocr_par' dir='ltr' id='par_1_2' title="bbox 662 129 1425 226">
     <span class='ocr_line' id='line_1_2' title="bbox 662 129 1425 226; baseline 0.001 -11"><span class='ocrx_word' id='word_1_2' title='bbox 662 176 688 226; x_wconf 58' lang='lat' dir='ltr'>g</span> <span class='ocrx_word' id='word_1_3' title='bbox 720 174 760 215; x_wconf 89' lang='lat'>4.</span> <span class='ocrx_word' id='word_1_4' title='bbox 822 129 892 215; x_wconf 65' lang='grc' dir='ltr'>ὗε</span> <span class='ocrx_word' id='word_1_5' title='bbox 925 174 1117 216; x_wconf 87' lang='lat' dir='ltr'>ceteris</span> <span class='ocrx_word' id='word_1_6' title='bbox 1149 174 1425 216; x_wconf 77' lang='lat' dir='ltr'>codicibus.</span> 
     </span>
    </p>
   </div>
   <div class='ocr_carea' id='block_1_3' title="bbox 272 268 1808 967">
    <p class='ocr_par' dir='ltr' id='par_1_3' title="bbox 272 268 1808 967">
     <span class='ocr_line' id='line_1_3' title="bbox 393 268 1807 324; baseline 0.001 -13"><span class='ocrx_word' id='word_1_7' title='bbox 393 268 614 324; x_wconf 87' lang='lat' dir='ltr'>Exscripsi</span> <span class='ocrx_word' id='word_1_8' title='bbox 648 283 779 323; x_wconf 87' lang='lat' dir='ltr'>supra</span> <span class='ocrx_word' id='word_1_9' title='bbox 808 269 951 311; x_wconf 91' lang='lat' dir='ltr'>locum</span> <span class='ocrx_word' id='word_1_10' title='bbox 984 283 1067 324; x_wconf 90' lang='lat' dir='ltr'>quo</span> <span class='ocrx_word' id='word_1_11' title='bbox 1100 269 1202 324; x_wconf 92' lang='lat' dir='ltr'>quid</span> <span class='ocrx_word' id='word_1_12' title='bbox 1227 269 1492 312; x_wconf 89' lang='lat' dir='ltr'>Ritschelius</span> <span class='ocrx_word' id='word_1_13' title='bbox 1525 269 1578 312; x_wconf 89' lang='lat' dir='ltr'>de</span> <span class='ocrx_word' id='word_1_14' title='bbox 1601 269 1630 311; x_wconf 83' lang='lat' dir='ltr'>J</span> <span class='ocrx_word' id='word_1_15' title='bbox 1662 270 1807 312; x_wconf 89' lang='lat' dir='ltr'>codice</span> 
     </span>
     <span class='ocr_line' id='line_1_4' title="bbox 276 339 1807 397; baseline 0.001 -15"><span class='ocrx_word' id='word_1_16' title='bbox 276 340 458 383; x_wconf 75' lang='lat' dir='ltr'>senserit</span> <span class='ocrx_word' id='word_1_17' title='bbox 490 339 769 395; x_wconf 84' lang='lat' dir='ltr'>significatur.</span> <span class='ocrx_word' id='word_1_18' title='bbox 816 339 933 390; x_wconf 86' lang='lat' dir='ltr'>Quae</span> <span class='ocrx_word' id='word_1_19' title='bbox 967 354 1228 395; x_wconf 84' lang='lat' dir='ltr'>quamquam</span> <span class='ocrx_word' id='word_1_20' title='bbox 1259 340 1305 382; x_wconf 89' lang='lat' dir='ltr'>in</span> <span class='ocrx_word' id='word_1_21' title='bbox 1336 341 1582 383; x_wconf 85' lang='lat' dir='ltr'>universum</span> <span class='ocrx_word' id='word_1_22' title='bbox 1613 341 1704 397; x_wconf 89' lang='lat' dir='ltr'>ipse</span> <span class='ocrx_word' id='word_1_23' title='bbox 1736 341 1807 384; x_wconf 90' lang='lat' dir='ltr'>de-</span> 
     </span>
     <span class='ocr_line' id='line_1_5' title="bbox 274 411 1808 468; baseline 0.001 -14"><span class='ocrx_word' id='word_1_24' title='bbox 274 412 404 466; x_wconf 89' lang='lat' dir='ltr'>fendi,</span> <span class='ocrx_word' id='word_1_25' title='bbox 435 412 481 453; x_wconf 88' lang='lat' dir='ltr'>in</span> <span class='ocrx_word' id='word_1_26' title='bbox 513 426 563 453; x_wconf 90' lang='lat' dir='ltr'>eo</span> <span class='ocrx_word' id='word_1_27' title='bbox 595 414 742 454; x_wconf 82' lang='lat' dir='ltr'>tamen</span> <span class='ocrx_word' id='word_1_28' title='bbox 774 411 881 453; x_wconf 88' lang='lat' dir='ltr'>mihi</span> <span class='ocrx_word' id='word_1_29' title='bbox 914 412 1086 467; x_wconf 85' lang='lat' dir='ltr'>longius</span> <span class='ocrx_word' id='word_1_30' title='bbox 1118 411 1192 453; x_wconf 88' lang='lat' dir='ltr'>ille</span> <span class='ocrx_word' id='word_1_31' title='bbox 1223 411 1394 454; x_wconf 87' lang='lat' dir='ltr'>videtur</span> <span class='ocrx_word' id='word_1_32' title='bbox 1418 426 1674 468; x_wconf 86' lang='lat' dir='ltr'>progressus</span> <span class='ocrx_word' id='word_1_33' title='bbox 1701 427 1808 468; x_wconf 89' lang='lat' dir='ltr'>esse,</span> 
     </span>
     <span class='ocr_line' id='line_1_6' title="bbox 275 482 1806 538; baseline 0 -13"><span class='ocrx_word' id='word_1_34' title='bbox 275 483 388 538; x_wconf 90' lang='lat' dir='ltr'>quod</span> <span class='ocrx_word' id='word_1_35' title='bbox 421 483 685 525; x_wconf 89' lang='lat' dir='ltr'>confidenter</span> <span class='ocrx_word' id='word_1_36' title='bbox 716 483 893 537; x_wconf 85' lang='lat' dir='ltr'>negavit</span> <span class='ocrx_word' id='word_1_37' title='bbox 925 497 975 525; x_wconf 86' lang='lat' dir='ltr'>ex</span> <span class='ocrx_word' id='word_1_38' title='bbox 1002 482 1031 525; x_wconf 83' lang='lat' dir='ltr'>J</span> <span class='ocrx_word' id='word_1_39' title='bbox 1057 485 1222 525; x_wconf 89' lang='lat' dir='ltr'>ceteros</span> <span class='ocrx_word' id='word_1_40' title='bbox 1249 497 1342 525; x_wconf 85' lang='lat' dir='ltr'>esse</span> <span class='ocrx_word' id='word_1_41' title='bbox 1367 483 1548 525; x_wconf 85' lang='lat' dir='ltr'>haustos</span> <span class='ocrx_word' id='word_1_42' title='bbox 1574 497 1806 538; x_wconf 88' lang='lat' dir='ltr'>eorumque</span> 
     </span>
     <span class='ocr_line' id='line_1_7' title="bbox 275 553 1807 610; baseline -0.001 -13"><span class='ocrx_word' id='word_1_43' title='bbox 275 554 499 610; x_wconf 88' lang='lat' dir='ltr'>proprium</span> <span class='ocrx_word' id='word_1_44' title='bbox 523 553 688 596; x_wconf 87' lang='lat' dir='ltr'>fontem</span> <span class='ocrx_word' id='word_1_45' title='bbox 717 554 953 595; x_wconf 89' lang='lat' dir='ltr'>constituit.</span> <span class='ocrx_word' id='word_1_46' title='bbox 1004 553 1142 604; x_wconf 83' lang='lat' dir='ltr'>Quam</span> <span class='ocrx_word' id='word_1_47' title='bbox 1167 554 1429 596; x_wconf 75' lang='lat' dir='ltr'>sententiam</span> <span class='ocrx_word' id='word_1_48' title='bbox 1455 554 1542 596; x_wconf 86' lang='lat' dir='ltr'>iam</span> <span class='ocrx_word' id='word_1_49' title='bbox 1562 553 1807 609; x_wconf 83' lang='lat' dir='ltr'>Wagnerus</span> 
     </span>
     <span class='ocr_line' id='line_1_8' title="bbox 278 624 1807 682; baseline -0.001 -14"><span class='ocrx_word' id='word_1_50' title='bbox 278 625 562 682; x_wconf 83' lang='lat' dir='ltr'>impugnavit,</span> <span class='ocrx_word' id='word_1_51' title='bbox 595 639 691 666; x_wconf 90' lang='lat' dir='ltr'>cum</span> <span class='ocrx_word' id='word_1_52' title='bbox 723 640 762 680; x_wconf 90' lang='lat' dir='ltr'>p.</span> <span class='ocrx_word' id='word_1_53' title='bbox 789 625 828 666; x_wconf 94' lang='lat' dir='ltr'>X</span> <span class='ocrx_word' id='word_1_54' title='bbox 861 625 1090 680; x_wconf 90' lang='lat' dir='ltr'>plerosque</span> <span class='ocrx_word' id='word_1_55' title='bbox 1122 625 1257 667; x_wconf 84' lang='lat' dir='ltr'>libros</span> <span class='ocrx_word' id='word_1_56' title='bbox 1289 625 1342 667; x_wconf 87' lang='lat' dir='ltr'>ad</span> <span class='ocrx_word' id='word_1_57' title='bbox 1374 624 1401 666; x_wconf 85' lang='lat' dir='ltr'><strong>J</strong></span> <span class='ocrx_word' id='word_1_58' title='bbox 1434 625 1680 668; x_wconf 86' lang='lat' dir='ltr'>referendos</span> <span class='ocrx_word' id='word_1_59' title='bbox 1712 639 1807 667; x_wconf 85' lang='lat' dir='ltr'>esse</span> 
     </span>
     <span class='ocr_line' id='line_1_9' title="bbox 272 695 1807 752; baseline 0 -13"><span class='ocrx_word' id='word_1_60' title='bbox 272 697 589 752; x_wconf 81' lang='lat' dir='ltr'>pronuntiaret.</span> <span class='ocrx_word' id='word_1_61' title='bbox 643 696 699 738; x_wconf 84' lang='lat' dir='ltr'>Ei</span> <span class='ocrx_word' id='word_1_62' title='bbox 724 697 787 738; x_wconf 87' lang='lat' dir='ltr'>ita</span> <span class='ocrx_word' id='word_1_63' title='bbox 813 696 1039 751; x_wconf 86' lang='lat' dir='ltr'>assentior,</span> <span class='ocrx_word' id='word_1_64' title='bbox 1071 699 1119 738; x_wconf 90' lang='lat' dir='ltr'>ut</span> <span class='ocrx_word' id='word_1_65' title='bbox 1145 696 1198 738; x_wconf 86' lang='lat' dir='ltr'>ad</span> <span class='ocrx_word' id='word_1_66' title='bbox 1228 695 1256 737; x_wconf 85' lang='lat' dir='ltr'><strong>J</strong></span> <span class='ocrx_word' id='word_1_67' title='bbox 1282 696 1348 738; x_wconf 92' lang='lat' dir='ltr'>vel</span> <span class='ocrx_word' id='word_1_68' title='bbox 1376 695 1608 751; x_wconf 86' lang='lat' dir='ltr'>gemellum</span> <span class='ocrx_word' id='word_1_69' title='bbox 1634 710 1730 738; x_wconf 91' lang='lat' dir='ltr'>cum</span> <span class='ocrx_word' id='word_1_70' title='bbox 1755 711 1807 739; x_wconf 89' lang='lat' dir='ltr'>eo</span> 
     </span>
     <span class='ocr_line' id='line_1_10' title="bbox 274 765 1806 823; baseline -0.001 -12"><span class='ocrx_word' id='word_1_71' title='bbox 274 769 464 811; x_wconf 79' lang='lat' dir='ltr'>codicem</span> <span class='ocrx_word' id='word_1_72' title='bbox 496 767 712 823; x_wconf 88' lang='lat' dir='ltr'>pertinere</span> <span class='ocrx_word' id='word_1_73' title='bbox 744 766 987 808; x_wconf 82' lang='lat' dir='ltr'>existimem</span> <span class='ocrx_word' id='word_1_74' title='bbox 1020 765 1187 808; x_wconf 86' lang='lat' dir='ltr'>codices</span> <span class='ocrx_word' id='word_1_75' title='bbox 1221 768 1318 809; x_wconf 90' lang='lat' dir='ltr'>octo</span> <span class='ocrx_word' id='word_1_76' title='bbox 1344 766 1536 821; x_wconf 87' lang='lat' dir='ltr'>priorum</span> <span class='ocrx_word' id='word_1_77' title='bbox 1561 767 1806 810; x_wconf 85' lang='lat' dir='ltr'>fabularum</span> 
     </span>
     <span class='ocr_line' id='line_1_11' title="bbox 274 837 1806 896; baseline 0 -15"><span class='ocrx_word' id='word_1_78' title='bbox 274 841 489 896; x_wconf 83' lang='lat' dir='ltr'>quotquot</span> <span class='ocrx_word' id='word_1_79' title='bbox 521 839 629 881; x_wconf 86' lang='lat' dir='ltr'>mihi</span> <span class='ocrx_word' id='word_1_80' title='bbox 660 839 942 880; x_wconf 89' lang='lat' dir='ltr'>innotuerunt</span> <span class='ocrx_word' id='word_1_81' title='bbox 974 837 1028 880; x_wconf 85' lang='lat' dir='ltr'>ad</span> <span class='ocrx_word' id='word_1_82' title='bbox 1048 852 1182 880; x_wconf 89' lang='lat' dir='ltr'>unum</span> <span class='ocrx_word' id='word_1_83' title='bbox 1202 852 1368 889; x_wconf 89' lang='lat' dir='ltr'>omnes,</span> <span class='ocrx_word' id='word_1_84' title='bbox 1399 852 1583 894; x_wconf 90' lang='lat' dir='ltr'>quorum</span> <span class='ocrx_word' id='word_1_85' title='bbox 1601 853 1806 881; x_wconf 90' lang='lat' dir='ltr'>numerus</span> 
     </span>
     <span class='ocr_line' id='line_1_12' title="bbox 277 907 864 967; baseline -0.005 -14"><span class='ocrx_word' id='word_1_86' title='bbox 277 914 342 953; x_wconf 89' lang='lat' dir='ltr'>est</span> <span class='ocrx_word' id='word_1_87' title='bbox 374 911 664 967; x_wconf 84' lang='lat' dir='ltr'>quadraginta</span> <span class='ocrx_word' id='word_1_88' title='bbox 695 912 783 951; x_wconf 89' lang='lat' dir='ltr'>tres</span> <span class='ocrx_word' id='word_1_89' title='bbox 797 907 864 965; x_wconf 76' lang='lat'>4⁰).</span> 
     </span>
    </p>
   </div>
   <div class='ocr_carea' id='block_1_4' title="bbox 342 996 560 1001">
    <p class='ocr_par' dir='ltr' id='par_1_4' title="bbox 342 996 560 1001">
     <span class='ocr_line' id='line_1_13' title="bbox 342 996 560 1001; baseline 0 0"><span class='ocrx_word' id='word_1_90' title='bbox 342 996 560 1001; x_wconf 95' lang='lat' dir='ltr'> </span> 
     </span>
    </p>
   </div>
   <div class='ocr_carea' id='block_1_5' title="bbox 270 1024 1807 1911">
    <p class='ocr_par' dir='ltr' id='par_1_5' title="bbox 321 1024 1806 1146">
     <span class='ocr_line' id='line_1_14' title="bbox 321 1024 1806 1088; baseline 0.001 -13"><span class='ocrx_word' id='word_1_91' title='bbox 321 1039 441 1085; x_wconf 86' lang='lat' dir='ltr'>Epid.&#39;</span> <span class='ocrx_word' id='word_1_92' title='bbox 485 1039 639 1085; x_wconf 89' lang='lat' dir='ltr'>Epidice</span> <span class='ocrx_word' id='word_1_93' title='bbox 666 1038 735 1074; x_wconf 87' lang='lat' dir='ltr'>nisi</span> <span class='ocrx_word' id='word_1_94' title='bbox 761 1024 788 1086; x_wconf 58' lang='grc' dir='ltr'>(Ξ,</span> <span class='ocrx_word' id='word_1_95' title='bbox 811 1038 881 1074; x_wconf 89' lang='lat' dir='ltr'>tibi</span> <span class='ocrx_word' id='word_1_96' title='bbox 907 1038 946 1073; x_wconf 90' lang='lat' dir='ltr'>in</span> <span class='ocrx_word' id='word_1_97' title='bbox 971 1039 1048 1074; x_wconf 87' lang='lat' dir='ltr'>tete</span> <span class='ocrx_word' id='word_1_98' title='bbox 1067 1038 1198 1074; x_wconf 84' lang='lat' dir='ltr'>auxilii</span> <span class='ocrx_word' id='word_1_99' title='bbox 1217 1040 1274 1075; x_wconf 92' lang='lat' dir='ltr'>est</span> <span class='ocrx_word' id='word_1_100' title='bbox 1292 1039 1510 1084; x_wconf 86' lang='lat' dir='ltr'>absumptus</span> <span class='ocrx_word' id='word_1_101' title='bbox 1530 1050 1579 1076; x_wconf 79' lang='lat' dir='ltr'>eS.</span> <span class='ocrx_word' id='word_1_102' title='bbox 1605 1041 1709 1088; x_wconf 69' lang='lat' dir='ltr'>tante</span> <span class='ocrx_word' id='word_1_103' title='bbox 1728 1039 1806 1076; x_wconf 80' lang='lat' dir='ltr'>inte</span> 
     </span>
     <span class='ocr_line' id='line_1_15' title="bbox 490 1097 1759 1146; baseline 0.001 -12"><span class='ocrx_word' id='word_1_104' title='bbox 490 1099 698 1145; x_wconf 90' lang='lat' dir='ltr'>Inpendent</span> <span class='ocrx_word' id='word_1_105' title='bbox 722 1097 829 1146; x_wconf 74' lang='lat' dir='ltr'>ruine</span> <span class='ocrx_word' id='word_1_106' title='bbox 855 1097 927 1133; x_wconf 90' lang='lat' dir='ltr'>nisi</span> <span class='ocrx_word' id='word_1_107' title='bbox 952 1097 1116 1133; x_wconf 87' lang='lat' dir='ltr'>suffulcis</span> <span class='ocrx_word' id='word_1_108' title='bbox 1140 1097 1297 1133; x_wconf 88' lang='lat' dir='ltr'>firmiter</span> <span class='ocrx_word' id='word_1_109' title='bbox 1321 1109 1397 1133; x_wconf 86' lang='lat' dir='ltr'>non</span> <span class='ocrx_word' id='word_1_110' title='bbox 1419 1097 1520 1144; x_wconf 85' lang='lat' dir='ltr'>potis</span> <span class='ocrx_word' id='word_1_111' title='bbox 1545 1097 1759 1136; x_wconf 78' lang='lat' dir='ltr'>subsistere.</span> 
     </span>
    </p>

    <p class='ocr_par' dir='ltr' id='par_1_6' title="bbox 270 1157 1807 1911">
     <span class='ocr_line' id='line_1_16' title="bbox 368 1157 1805 1203; baseline 0 -9"><span class='ocrx_word' id='word_1_112' title='bbox 368 1161 427 1203; x_wconf 82' lang='lat'>40)</span> <span class='ocrx_word' id='word_1_113' title='bbox 453 1157 583 1201; x_wconf 82' lang='lat' dir='ltr'>‘Quam</span> <span class='ocrx_word' id='word_1_114' title='bbox 613 1158 662 1193; x_wconf 89' lang='lat' dir='ltr'>sit</span> <span class='ocrx_word' id='word_1_115' title='bbox 692 1157 837 1194; x_wconf 87' lang='lat' dir='ltr'>inutilis</span> <span class='ocrx_word' id='word_1_116' title='bbox 869 1157 985 1193; x_wconf 87' lang='lat' dir='ltr'>codex</span> <span class='ocrx_word' id='word_1_117' title='bbox 1010 1157 1241 1192; x_wconf 80' lang='lat' dir='ltr'>Burneianus</span> <span class='ocrx_word' id='word_1_118' title='bbox 1270 1159 1312 1192; x_wconf 92' lang='lat' dir='ltr'>ut</span> <span class='ocrx_word' id='word_1_119' title='bbox 1341 1167 1492 1202; x_wconf 87' lang='lat' dir='ltr'>prorsus</span> <span class='ocrx_word' id='word_1_120' title='bbox 1522 1157 1562 1192; x_wconf 89' lang='lat' dir='ltr'>in</span> <span class='ocrx_word' id='word_1_121' title='bbox 1593 1158 1720 1194; x_wconf 82' lang='lat' dir='ltr'>oculos</span> <span class='ocrx_word' id='word_1_122' title='bbox 1750 1157 1805 1194; x_wconf 90' lang='lat' dir='ltr'>in·</span> 
     </span>
     <span class='ocr_line' id='line_1_17' title="bbox 270 1215 1803 1263; baseline 0 -10"><span class='ocrx_word' id='word_1_123' title='bbox 270 1219 412 1262; x_wconf 81' lang='lat' dir='ltr'>currat,</span> <span class='ocrx_word' id='word_1_124' title='bbox 450 1217 603 1253; x_wconf 83' lang='lat' dir='ltr'>adiunxi</span> <span class='ocrx_word' id='word_1_125' title='bbox 634 1217 792 1263; x_wconf 83' lang='lat' dir='ltr'>triginta.</span> <span class='ocrx_word' id='word_1_126' title='bbox 817 1229 989 1252; x_wconf 86' lang='lat' dir='ltr'>versuum</span> <span class='ocrx_word' id='word_1_127' title='bbox 1014 1215 1155 1262; x_wconf 82' lang='lat' dir='ltr'>primae</span> <span class='ocrx_word' id='word_1_128' title='bbox 1181 1215 1344 1262; x_wconf 80' lang='lat' dir='ltr'>Epidici·</span> <span class='ocrx_word' id='word_1_129' title='bbox 1361 1226 1516 1252; x_wconf 80' lang='lat' dir='ltr'>scaenae</span> <span class='ocrx_word' id='word_1_130' title='bbox 1548 1216 1803 1263; x_wconf 75' lang='lat' dir='ltr'>discrepantes</span> 
     </span>
     <span class='ocr_line' id='line_1_18' title="bbox 272 1275 1807 1323; baseline -0.001 -10"><span class='ocrx_word' id='word_1_131' title='bbox 272 1277 477 1323; x_wconf 80' lang='lat' dir='ltr'>scripturae</span> <span class='ocrx_word' id='word_1_132' title='bbox 502 1276 646 1313; x_wconf 82' lang='lat' dir='ltr'>ratione</span> <span class='ocrx_word' id='word_1_133' title='bbox 671 1277 803 1312; x_wconf 83' lang='lat' dir='ltr'>habita</span> <span class='ocrx_word' id='word_1_134' title='bbox 828 1276 1003 1312; x_wconf 81' lang='lat' dir='ltr'>editionis</span> <span class='ocrx_word' id='word_1_135' title='bbox 1022 1275 1314 1322; x_wconf 78' lang='lat' dir='ltr'>Geppertianae:</span> <span class='ocrx_word' id='word_1_136' title='bbox 1343 1280 1371 1311; x_wconf 93' lang='lat'>1.</span> <span class='ocrx_word' id='word_1_137' title='bbox 1399 1275 1608 1322; x_wconf 84' lang='lat' dir='ltr'>prehendit.</span> <span class='ocrx_word' id='word_1_138' title='bbox 1635 1280 1668 1312; x_wconf 91' lang='lat'>2.</span> <span class='ocrx_word' id='word_1_139' title='bbox 1692 1275 1807 1312; x_wconf 85' lang='lat' dir='ltr'>hodio</span> 
     </span>
     <span class='ocr_line' id='line_1_19' title="bbox 272 1334 1806 1382; baseline -0.001 -10"><span class='ocrx_word' id='word_1_140' title='bbox 272 1339 339 1373; x_wconf 89' lang='lat' dir='ltr'>est.</span> <span class='ocrx_word' id='word_1_141' title='bbox 391 1341 423 1371; x_wconf 89' lang='lat'>3.</span> <span class='ocrx_word' id='word_1_142' title='bbox 454 1336 633 1382; x_wconf 88' lang='lat' dir='ltr'>thespiro.</span> <span class='ocrx_word' id='word_1_143' title='bbox 665 1336 739 1372; x_wconf 89' lang='lat' dir='ltr'>TE.</span> <span class='ocrx_word' id='word_1_144' title='bbox 766 1337 826 1372; x_wconf 88' lang='lat' dir='ltr'>ho.</span> <span class='ocrx_word' id='word_1_145' title='bbox 877 1340 910 1372; x_wconf 86' lang='lat'>4.</span> <span class='ocrx_word' id='word_1_146' title='bbox 937 1335 1124 1381; x_wconf 88' lang='lat' dir='ltr'>epidicum</span> <span class='ocrx_word' id='word_1_147' title='bbox 1151 1346 1220 1381; x_wconf 89' lang='lat' dir='ltr'>ego</span> <span class='ocrx_word' id='word_1_148' title='bbox 1246 1335 1448 1380; x_wconf 86' lang='lat' dir='ltr'>conspicor.</span> <span class='ocrx_word' id='word_1_149' title='bbox 1499 1339 1530 1371; x_wconf 90' lang='lat'>5.</span> <span class='ocrx_word' id='word_1_150' title='bbox 1564 1337 1664 1371; x_wconf 83' lang='lat' dir='ltr'>certe</span> <span class='ocrx_word' id='word_1_151' title='bbox 1689 1334 1806 1371; x_wconf 90' lang='lat' dir='ltr'>oculis</span> 
     </span>
     <span class='ocr_line' id='line_1_20' title="bbox 273 1394 1805 1440; baseline 0 -9"><span class='ocrx_word' id='word_1_152' title='bbox 273 1396 396 1431; x_wconf 87' lang='lat' dir='ltr'>uteris.</span> <span class='ocrx_word' id='word_1_153' title='bbox 426 1395 499 1431; x_wconf 94' lang='lat' dir='ltr'>TE.</span> <span class='ocrx_word' id='word_1_154' title='bbox 526 1395 639 1430; x_wconf 87' lang='lat' dir='ltr'>salve.</span> <span class='ocrx_word' id='word_1_155' title='bbox 668 1399 700 1429; x_wconf 88' lang='lat'>7.</span> <span class='ocrx_word' id='word_1_156' title='bbox 726 1394 825 1439; x_wconf 86' lang='lat' dir='ltr'>quod</span> <span class='ocrx_word' id='word_1_157' title='bbox 852 1406 930 1430; x_wconf 88' lang='lat' dir='ltr'>esse</span> <span class='ocrx_word' id='word_1_158' title='bbox 957 1395 1102 1431; x_wconf 82' lang='lat' dir='ltr'>assolet.</span> <span class='ocrx_word' id='word_1_159' title='bbox 1133 1399 1166 1429; x_wconf 88' lang='lat'>9.</span> <span class='ocrx_word' id='word_1_160' title='bbox 1192 1394 1282 1439; x_wconf 88' lang='lat' dir='ltr'>quid</span> <span class='ocrx_word' id='word_1_161' title='bbox 1307 1395 1427 1440; x_wconf 85' lang='lat' dir='ltr'>magis</span> <span class='ocrx_word' id='word_1_162' title='bbox 1452 1395 1495 1430; x_wconf 90' lang='lat' dir='ltr'>ut</span> <span class='ocrx_word' id='word_1_163' title='bbox 1513 1395 1616 1430; x_wconf 84' lang='lat' dir='ltr'>velis.</span> <span class='ocrx_word' id='word_1_164' title='bbox 1644 1394 1719 1431; x_wconf 87' lang='grc' dir='ltr'>ΤΕ.</span> <span class='ocrx_word' id='word_1_165' title='bbox 1745 1406 1805 1431; x_wconf 88' lang='lat' dir='ltr'>ex-</span> 
     </span>
     <span class='ocr_line' id='line_1_21' title="bbox 272 1454 1805 1501; baseline 0 -11"><span class='ocrx_word' id='word_1_166' title='bbox 272 1455 437 1501; x_wconf 85' lang='lat' dir='ltr'>emplum</span> <span class='ocrx_word' id='word_1_167' title='bbox 463 1454 592 1490; x_wconf 83' lang='lat' dir='ltr'>adesse</span> <span class='ocrx_word' id='word_1_168' title='bbox 618 1454 800 1500; x_wconf 80' lang='lat' dir='ltr'>intelligo.</span> <span class='ocrx_word' id='word_1_169' title='bbox 835 1454 906 1491; x_wconf 88' lang='grc' dir='ltr'>ΕΡ.</span> <span class='ocrx_word' id='word_1_170' title='bbox 933 1455 1065 1500; x_wconf 89' lang='lat' dir='ltr'>heuge.</span> <span class='ocrx_word' id='word_1_171' title='bbox 1100 1458 1154 1491; x_wconf 89' lang='grc'><strong>10.</strong></span> <span class='ocrx_word' id='word_1_172' title='bbox 1181 1454 1325 1500; x_wconf 77' lang='lat' dir='ltr'>agilior.</span> <span class='ocrx_word' id='word_1_173' title='bbox 1350 1454 1432 1490; x_wconf 86' lang='lat' dir='ltr'>hac.</span> <span class='ocrx_word' id='word_1_174' title='bbox 1467 1458 1522 1490; x_wconf 89' lang='lat'>13.</span> <span class='ocrx_word' id='word_1_175' title='bbox 1546 1455 1586 1490; x_wconf 91' lang='lat' dir='ltr'>te</span> <span class='ocrx_word' id='word_1_176' title='bbox 1610 1455 1715 1490; x_wconf 77' lang='lat' dir='ltr'>deest.</span> <span class='ocrx_word' id='word_1_177' title='bbox 1748 1458 1805 1490; x_wconf 94' lang='lat'>14.</span> 
     </span>
     <span class='ocr_line' id='line_1_22' title="bbox 274 1512 1804 1559; baseline 0 -10"><span class='ocrx_word' id='word_1_178' title='bbox 274 1514 439 1549; x_wconf 78' lang='lat' dir='ltr'>curculio</span> <span class='ocrx_word' id='word_1_179' title='bbox 466 1513 606 1559; x_wconf 91' lang='lat' dir='ltr'>occepi.</span> <span class='ocrx_word' id='word_1_180' title='bbox 637 1518 690 1548; x_wconf 95' lang='lat'>15.</span> <span class='ocrx_word' id='word_1_181' title='bbox 718 1523 883 1548; x_wconf 88' lang='lat' dir='ltr'>succura.</span> <span class='ocrx_word' id='word_1_182' title='bbox 912 1517 966 1548; x_wconf 93' lang='lat'>16.</span> <span class='ocrx_word' id='word_1_183' title='bbox 993 1512 1153 1558; x_wconf 91' lang='lat' dir='ltr'>quidem.</span> <span class='ocrx_word' id='word_1_184' title='bbox 1175 1513 1316 1558; x_wconf 88' lang='lat' dir='ltr'>quovis.</span> <span class='ocrx_word' id='word_1_185' title='bbox 1346 1516 1401 1548; x_wconf 89' lang='lat'>17.</span> <span class='ocrx_word' id='word_1_186' title='bbox 1427 1514 1645 1558; x_wconf 88' lang='lat' dir='ltr'>perpetuon.</span> <span class='ocrx_word' id='word_1_187' title='bbox 1665 1514 1804 1550; x_wconf 85' lang='lat' dir='ltr'>volent.</span> 
     </span>
     <span class='ocr_line' id='line_1_23' title="bbox 274 1570 1801 1619; baseline 0 -10"><span class='ocrx_word' id='word_1_188' title='bbox 274 1578 328 1609; x_wconf 93' lang='lat'>18.</span> <span class='ocrx_word' id='word_1_189' title='bbox 356 1573 597 1619; x_wconf 83' lang='lat' dir='ltr'>caprigenum</span> <span class='ocrx_word' id='word_1_190' title='bbox 622 1583 698 1607; x_wconf 89' lang='lat' dir='ltr'>non</span> <span class='ocrx_word' id='word_1_191' title='bbox 722 1571 859 1617; x_wconf 84' lang='lat' dir='ltr'>placet.</span> <span class='ocrx_word' id='word_1_192' title='bbox 886 1571 1135 1616; x_wconf 85' lang='lat' dir='ltr'>panterinum.</span> <span class='ocrx_word' id='word_1_193' title='bbox 1186 1575 1242 1606; x_wconf 93' lang='lat'>19.</span> <span class='ocrx_word' id='word_1_194' title='bbox 1268 1573 1311 1606; x_wconf 91' lang='lat' dir='ltr'>ut</span> <span class='ocrx_word' id='word_1_195' title='bbox 1334 1570 1402 1606; x_wconf 80' lang='lat' dir='ltr'>illa</span> <span class='ocrx_word' id='word_1_196' title='bbox 1425 1571 1650 1617; x_wconf 80' lang='lat' dir='ltr'>respondeas</span> <span class='ocrx_word' id='word_1_197' title='bbox 1674 1572 1801 1617; x_wconf 84' lang='lat' dir='ltr'>probe.</span> 
     </span>
     <span class='ocr_line' id='line_1_24' title="bbox 274 1629 1803 1677; baseline -0.001 -9"><span class='ocrx_word' id='word_1_198' title='bbox 274 1638 328 1668; x_wconf 93' lang='grc'>20.</span> <span class='ocrx_word' id='word_1_199' title='bbox 351 1632 440 1677; x_wconf 89' lang='lat' dir='ltr'>quid</span> <span class='ocrx_word' id='word_1_200' title='bbox 465 1631 594 1667; x_wconf 84' lang='lat' dir='ltr'>herilis</span> <span class='ocrx_word' id='word_1_201' title='bbox 620 1630 718 1666; x_wconf 85' lang='lat' dir='ltr'>filius</span> <span class='ocrx_word' id='word_1_202' title='bbox 743 1631 870 1666; x_wconf 84' lang='lat' dir='ltr'>noster</span> <span class='ocrx_word' id='word_1_203' title='bbox 894 1630 1006 1666; x_wconf 83' lang='lat' dir='ltr'>valet.</span> <span class='ocrx_word' id='word_1_204' title='bbox 1034 1629 1107 1665; x_wconf 88' lang='lat' dir='ltr'>TE.</span> <span class='ocrx_word' id='word_1_205' title='bbox 1134 1629 1296 1676; x_wconf 78' lang='lat' dir='ltr'>pugilice</span> <span class='ocrx_word' id='word_1_206' title='bbox 1321 1631 1435 1676; x_wconf 84' lang='lat' dir='ltr'>atque</span> <span class='ocrx_word' id='word_1_207' title='bbox 1454 1629 1634 1667; x_wconf 86' lang='lat' dir='ltr'>adhelice.</span> <span class='ocrx_word' id='word_1_208' title='bbox 1661 1635 1718 1667; x_wconf 92' lang='lat'>21.</span> <span class='ocrx_word' id='word_1_209' title='bbox 1737 1632 1803 1668; x_wconf 91' lang='lat' dir='ltr'>tuo</span> 
     </span>
     <span class='ocr_line' id='line_1_25' title="bbox 273 1689 1804 1734; baseline 0 -7"><span class='ocrx_word' id='word_1_210' title='bbox 273 1692 436 1727; x_wconf 84' lang='lat' dir='ltr'>adventu</span> <span class='ocrx_word' id='word_1_211' title='bbox 462 1691 645 1727; x_wconf 83' lang='lat' dir='ltr'>adtulisti.</span> <span class='ocrx_word' id='word_1_212' title='bbox 690 1694 745 1725; x_wconf 91' lang='lat'>22.</span> <span class='ocrx_word' id='word_1_213' title='bbox 773 1689 917 1724; x_wconf 85' lang='lat' dir='ltr'>adveni.</span> <span class='ocrx_word' id='word_1_214' title='bbox 963 1693 1019 1724; x_wconf 87' lang='lat'>24.</span> <span class='ocrx_word' id='word_1_215' title='bbox 1046 1689 1138 1724; x_wconf 81' lang='lat' dir='ltr'>mihi</span> <span class='ocrx_word' id='word_1_216' title='bbox 1163 1690 1266 1726; x_wconf 82' lang='lat' dir='ltr'>deest.</span> <span class='ocrx_word' id='word_1_217' title='bbox 1294 1689 1446 1727; x_wconf 84' lang='lat' dir='ltr'>reditur.</span> <span class='ocrx_word' id='word_1_218' title='bbox 1484 1694 1541 1726; x_wconf 87' lang='lat'>26.</span> <span class='ocrx_word' id='word_1_219' title='bbox 1567 1700 1679 1734; x_wconf 89' lang='lat' dir='ltr'>quem</span> <span class='ocrx_word' id='word_1_220' title='bbox 1699 1690 1804 1727; x_wconf 83' lang='lat' dir='ltr'>dices</span> 
     </span>
     <span class='ocr_line' id='line_1_26' title="bbox 271 1748 1805 1797; baseline 0 -11"><span class='ocrx_word' id='word_1_221' title='bbox 271 1751 504 1797; x_wconf 84' lang='lat' dir='ltr'>dyonigrem.</span> <span class='ocrx_word' id='word_1_222' title='bbox 529 1750 650 1786; x_wconf 89' lang='lat' dir='ltr'>hodie.</span> <span class='ocrx_word' id='word_1_223' title='bbox 691 1754 747 1786; x_wconf 84' lang='lat'>27.</span> <span class='ocrx_word' id='word_1_224' title='bbox 775 1749 892 1785; x_wconf 83' lang='lat' dir='ltr'>adest.</span> <span class='ocrx_word' id='word_1_225' title='bbox 931 1753 986 1784; x_wconf 89' lang='lat'>28.</span> <span class='ocrx_word' id='word_1_226' title='bbox 1013 1748 1204 1785; x_wconf 85' lang='lat' dir='ltr'>viminum.</span> <span class='ocrx_word' id='word_1_227' title='bbox 1250 1753 1305 1784; x_wconf 82' lang='lat'>29.</span> <span class='ocrx_word' id='word_1_228' title='bbox 1333 1748 1436 1784; x_wconf 72' lang='lat' dir='ltr'>aliud</span> <span class='ocrx_word' id='word_1_229' title='bbox 1461 1748 1565 1784; x_wconf 72' lang='lat' dir='ltr'>deest.</span> <span class='ocrx_word' id='word_1_230' title='bbox 1591 1749 1678 1785; x_wconf 90' lang='lat' dir='ltr'>sunt</span> <span class='ocrx_word' id='word_1_231' title='bbox 1700 1761 1805 1786; x_wconf 79' lang='lat' dir='ltr'>arma.</span> 
     </span>
     <span class='ocr_line' id='line_1_27' title="bbox 271 1807 1805 1856; baseline -0.001 -10"><span class='ocrx_word' id='word_1_232' title='bbox 271 1809 531 1856; x_wconf 81' lang='lat' dir='ltr'>stratiphochi.</span> <span class='ocrx_word' id='word_1_233' title='bbox 582 1813 639 1846; x_wconf 89' lang='grc'><strong>30.</strong></span> <span class='ocrx_word' id='word_1_234' title='bbox 665 1809 729 1854; x_wconf 93' lang='lat' dir='ltr'>pol</span> <span class='ocrx_word' id='word_1_235' title='bbox 754 1809 820 1843; x_wconf 86' lang='lat' dir='ltr'>ita.</span> <span class='ocrx_word' id='word_1_236' title='bbox 854 1829 897 1834; x_wconf 88' lang='lat'>—</span> <span class='ocrx_word' id='word_1_237' title='bbox 932 1807 1104 1843; x_wconf 87' lang='lat' dir='ltr'>Ceterum</span> <span class='ocrx_word' id='word_1_238' title='bbox 1130 1819 1262 1843; x_wconf 91' lang='lat' dir='ltr'>moneo</span> <span class='ocrx_word' id='word_1_239' title='bbox 1287 1820 1322 1843; x_wconf 94' lang='lat' dir='ltr'>v.</span> <span class='ocrx_word' id='word_1_240' title='bbox 1350 1812 1392 1843; x_wconf 89' lang='lat'>71</span> <span class='ocrx_word' id='word_1_241' title='bbox 1420 1807 1463 1844; x_wconf 86' lang='lat' dir='ltr'>G.</span> <span class='ocrx_word' id='word_1_242' title='bbox 1494 1809 1596 1844; x_wconf 80' lang='lat' dir='ltr'>recte</span> <span class='ocrx_word' id='word_1_243' title='bbox 1627 1819 1713 1844; x_wconf 89' lang='lat' dir='ltr'>eum</span> <span class='ocrx_word' id='word_1_244' title='bbox 1743 1820 1805 1845; x_wconf 86' lang='lat' dir='ltr'>ex·</span> 
     </span>
     <span class='ocr_line' id='line_1_28' title="bbox 271 1865 1804 1911; baseline -0.001 -6"><span class='ocrx_word' id='word_1_245' title='bbox 271 1870 398 1905; x_wconf 89' lang='lat' dir='ltr'>hibere</span> <span class='ocrx_word' id='word_1_246' title='bbox 424 1870 653 1904; x_wconf 75' lang='lat' dir='ltr'>turbulentas</span> <span class='ocrx_word' id='word_1_247' title='bbox 678 1867 910 1911; x_wconf 88' lang='lat' dir='ltr'>eundemque</span> <span class='ocrx_word' id='word_1_248' title='bbox 942 1879 975 1902; x_wconf 92' lang='lat' dir='ltr'>v.</span> <span class='ocrx_word' id='word_1_249' title='bbox 1003 1870 1046 1901; x_wconf 91' lang='lat'>91</span> <span class='ocrx_word' id='word_1_250' title='bbox 1074 1867 1244 1910; x_wconf 81' lang='lat' dir='ltr'>depoliet,</span> <span class='ocrx_word' id='word_1_251' title='bbox 1276 1866 1377 1911; x_wconf 92' lang='lat' dir='ltr'>quod</span> <span class='ocrx_word' id='word_1_252' title='bbox 1401 1865 1563 1903; x_wconf 85' lang='lat' dir='ltr'>coniecit</span> <span class='ocrx_word' id='word_1_253' title='bbox 1586 1867 1804 1904; x_wconf 83' lang='lat' dir='ltr'>Palmerius.</span> 
     </span>
    </p>
   </div>
   <div class='ocr_carea' id='block_1_6' title="bbox 366 1925 1877 1974">
    <p class='ocr_par' dir='ltr' id='par_1_7' title="bbox 366 1925 1877 1974">
     <span class='ocr_line' id='line_1_29' title="bbox 366 1925 1877 1974; baseline -0.001 -11"><span class='ocrx_word' id='word_1_254' title='bbox 366 1930 425 1974; x_wconf 88' lang='lat'>41)</span> <span class='ocrx_word' id='word_1_255' title='bbox 452 1927 546 1963; x_wconf 85' lang='lat' dir='ltr'>Sunt</span> <span class='ocrx_word' id='word_1_256' title='bbox 571 1929 697 1962; x_wconf 84' lang='lat' dir='ltr'>autem</span> <span class='ocrx_word' id='word_1_257' title='bbox 723 1927 777 1962; x_wconf 91' lang='lat' dir='ltr'>hi:</span> <span class='ocrx_word' id='word_1_258' title='bbox 818 1931 881 1961; x_wconf 88' lang='lat'>1—</span> <span class='ocrx_word' id='word_1_259' title='bbox 900 1930 918 1961; x_wconf 92' lang='lat'>7</span> <span class='ocrx_word' id='word_1_260' title='bbox 945 1925 1148 1961; x_wconf 86' lang='lat' dir='ltr'>Parisini</span> <span class='ocrx_word' id='word_1_261' title='bbox 1175 1929 1280 1968; x_wconf 82' lang='lat'>7888,</span> <span class='ocrx_word' id='word_1_262' title='bbox 1306 1929 1408 1970; x_wconf 85' lang='lat'>7890,</span> <span class='ocrx_word' id='word_1_263' title='bbox 1436 1929 1539 1971; x_wconf 86' lang='lat'>7891,</span> <span class='ocrx_word' id='word_1_264' title='bbox 1566 1929 1672 1971; x_wconf 86' lang='lat'>7892,</span> <span class='ocrx_word' id='word_1_265' title='bbox 1697 1930 1802 1971; x_wconf 82' lang='lat'>7894,</span> <span class='ocrx_word' id='word_1_266' title='bbox 1873 1943 1877 1946; x_wconf 92' lang='lat'>·</span> 
     </span>
    </p>
   </div>
   <div class='ocr_carea' id='block_1_7' title="bbox 269 1983 1858 2855">
    <p class='ocr_par' dir='ltr' id='par_1_8' title="bbox 269 1983 1858 2855">
     <span class='ocr_line' id='line_1_30' title="bbox 270 1983 1798 2033; baseline -0.002 -10"><span class='ocrx_word' id='word_1_267' title='bbox 270 1991 375 2033; x_wconf 86' lang='lat'>8183,</span> <span class='ocrx_word' id='word_1_268' title='bbox 402 1990 511 2030; x_wconf 89' lang='grc'><strong>8184;</strong></span> <span class='ocrx_word' id='word_1_269' title='bbox 540 2008 583 2012; x_wconf 85' lang='grc'><strong>-</strong></span> <span class='ocrx_word' id='word_1_270' title='bbox 610 1990 725 2021; x_wconf 87' lang='grc'><strong>8-11</strong></span> <span class='ocrx_word' id='word_1_271' title='bbox 753 1985 999 2021; x_wconf 89' lang='lat' dir='ltr'>Leidenses</span> <span class='ocrx_word' id='word_1_272' title='bbox 1025 1984 1127 2020; x_wconf 80' lang='lat' dir='ltr'>Voss.</span> <span class='ocrx_word' id='word_1_273' title='bbox 1154 1983 1235 2020; x_wconf 89' lang='lat' dir='ltr'>Lat.</span> <span class='ocrx_word' id='word_1_274' title='bbox 1263 1983 1313 2026; x_wconf 86' lang='lat' dir='ltr'>Q⁰</span> <span class='ocrx_word' id='word_1_275' title='bbox 1337 1984 1406 2020; x_wconf 85' lang='lat' dir='ltr'>No.</span> <span class='ocrx_word' id='word_1_276' title='bbox 1424 1988 1480 2029; x_wconf 86' lang='lat'>22,</span> <span class='ocrx_word' id='word_1_277' title='bbox 1505 1984 1719 2028; x_wconf 50' lang='lat' dir='ltr'>Vommssat.</span> <span class='ocrx_word' id='word_1_278' title='bbox 1746 1984 1798 2029; x_wconf 80' lang='lat' dir='ltr'>Q⁰</span> 
     </span>
     <span class='ocr_line' id='line_1_31' title="bbox 270 2042 1802 2091; baseline -0.002 -8"><span class='ocrx_word' id='word_1_279' title='bbox 270 2048 338 2083; x_wconf 89' lang='lat' dir='ltr'>No.</span> <span class='ocrx_word' id='word_1_280' title='bbox 367 2051 430 2091; x_wconf 90' lang='grc'>30,</span> <span class='ocrx_word' id='word_1_281' title='bbox 464 2046 558 2081; x_wconf 89' lang='lat' dir='ltr'>Bibl.</span> <span class='ocrx_word' id='word_1_282' title='bbox 586 2045 691 2081; x_wconf 91' lang='lat' dir='ltr'>Publ.</span> <span class='ocrx_word' id='word_1_283' title='bbox 718 2045 798 2079; x_wconf 85' lang='lat' dir='ltr'>Lat.</span> <span class='ocrx_word' id='word_1_284' title='bbox 825 2043 894 2079; x_wconf 90' lang='lat' dir='ltr'>No.</span> <span class='ocrx_word' id='word_1_285' title='bbox 922 2047 985 2087; x_wconf 89' lang='lat'>53,</span> <span class='ocrx_word' id='word_1_286' title='bbox 1018 2042 1113 2078; x_wconf 86' lang='lat' dir='ltr'>Bibl.</span> <span class='ocrx_word' id='word_1_287' title='bbox 1140 2042 1245 2078; x_wconf 90' lang='lat' dir='ltr'>Publ.</span> <span class='ocrx_word' id='word_1_288' title='bbox 1272 2042 1353 2078; x_wconf 88' lang='lat' dir='ltr'>Lat.</span> <span class='ocrx_word' id='word_1_289' title='bbox 1379 2042 1450 2078; x_wconf 88' lang='lat' dir='ltr'>No.</span> <span class='ocrx_word' id='word_1_290' title='bbox 1477 2046 1540 2086; x_wconf 80' lang='lat'>603</span> <span class='ocrx_word' id='word_1_291' title='bbox 1572 2065 1615 2070; x_wconf 94' lang='lat'><em>-</em></span> <span class='ocrx_word' id='word_1_292' title='bbox 1650 2047 1802 2080; x_wconf 82' lang='lat'>12—24</span> 
     </span>
     <span class='ocr_line' id='line_1_32' title="bbox 270 2101 1800 2148; baseline -0.002 -7"><span class='ocrx_word' id='word_1_293' title='bbox 270 2105 534 2141; x_wconf 86' lang='lat' dir='ltr'>Florentini</span> <span class='ocrx_word' id='word_1_294' title='bbox 571 2105 745 2139; x_wconf 83' lang='lat' dir='ltr'>Laurent.</span> <span class='ocrx_word' id='word_1_295' title='bbox 777 2103 870 2148; x_wconf 89' lang='lat' dir='ltr'>plut.</span> <span class='ocrx_word' id='word_1_296' title='bbox 902 2102 1057 2137; x_wconf 90' lang='lat' dir='ltr'>XXXVI</span> <span class='ocrx_word' id='word_1_297' title='bbox 1090 2105 1152 2146; x_wconf 89' lang='grc'>40,</span> <span class='ocrx_word' id='word_1_298' title='bbox 1178 2106 1240 2145; x_wconf 88' lang='grc'><strong>42,</strong></span> <span class='ocrx_word' id='word_1_299' title='bbox 1267 2105 1311 2136; x_wconf 87' lang='grc'>43</span> <span class='ocrx_word' id='word_1_300' title='bbox 1337 2102 1449 2147; x_wconf 84' lang='lat' dir='ltr'>(saec.</span> <span class='ocrx_word' id='word_1_301' title='bbox 1474 2101 1588 2148; x_wconf 85' lang='lat' dir='ltr'>XIV),</span> <span class='ocrx_word' id='word_1_302' title='bbox 1619 2107 1666 2138; x_wconf 84' lang='lat'>44</span> <span class='ocrx_word' id='word_1_303' title='bbox 1691 2104 1800 2148; x_wconf 77' lang='lat' dir='ltr'>(saec.</span> 
     </span>
     <span class='ocr_line' id='line_1_33' title="bbox 270 2159 1798 2210; baseline -0.003 -9"><span class='ocrx_word' id='word_1_304' title='bbox 270 2165 380 2210; x_wconf 83' lang='lat' dir='ltr'>XIV),</span> <span class='ocrx_word' id='word_1_305' title='bbox 401 2168 458 2208; x_wconf 87' lang='lat'>45,</span> <span class='ocrx_word' id='word_1_306' title='bbox 478 2168 522 2199; x_wconf 90' lang='grc'>47</span> <span class='ocrx_word' id='word_1_307' title='bbox 544 2165 654 2209; x_wconf 86' lang='lat' dir='ltr'>(saec.</span> <span class='ocrx_word' id='word_1_308' title='bbox 668 2162 781 2207; x_wconf 87' lang='lat' dir='ltr'>XIV),</span> <span class='ocrx_word' id='word_1_309' title='bbox 796 2166 852 2206; x_wconf 88' lang='grc'>48,</span> <span class='ocrx_word' id='word_1_310' title='bbox 866 2160 945 2196; x_wconf 90' lang='lat' dir='ltr'>IXC</span> <span class='ocrx_word' id='word_1_311' title='bbox 959 2173 1038 2206; x_wconf 88' lang='lat' dir='ltr'>sup.</span> <span class='ocrx_word' id='word_1_312' title='bbox 1056 2165 1116 2204; x_wconf 76' lang='lat'>123</span> <span class='ocrx_word' id='word_1_313' title='bbox 1138 2159 1217 2195; x_wconf 88' lang='lat' dir='ltr'>IXC</span> <span class='ocrx_word' id='word_1_314' title='bbox 1236 2159 1299 2195; x_wconf 81' lang='lat' dir='ltr'>inf.</span> <span class='ocrx_word' id='word_1_315' title='bbox 1315 2164 1355 2195; x_wconf 94' lang='lat'>11</span> <span class='ocrx_word' id='word_1_316' title='bbox 1378 2160 1542 2204; x_wconf 80' lang='lat' dir='ltr'>(sedecim</span> <span class='ocrx_word' id='word_1_317' title='bbox 1557 2161 1798 2206; x_wconf 77' lang='lat' dir='ltr'>fabularum),</span> 
     </span>
     <span class='ocr_line' id='line_1_34' title="bbox 270 2218 1801 2266; baseline -0.003 -6"><span class='ocrx_word' id='word_1_318' title='bbox 270 2224 350 2260; x_wconf 88' lang='lat' dir='ltr'>cod.</span> <span class='ocrx_word' id='word_1_319' title='bbox 377 2223 535 2259; x_wconf 80' lang='lat' dir='ltr'>Rediani</span> <span class='ocrx_word' id='word_1_320' title='bbox 549 2227 581 2266; x_wconf 86' lang='lat'>9,</span> <span class='ocrx_word' id='word_1_321' title='bbox 598 2225 676 2265; x_wconf 81' lang='lat'>168,</span> <span class='ocrx_word' id='word_1_322' title='bbox 702 2220 871 2256; x_wconf 83' lang='lat' dir='ltr'>Riccard.</span> <span class='ocrx_word' id='word_1_323' title='bbox 900 2224 980 2264; x_wconf 83' lang='lat'>661,</span> <span class='ocrx_word' id='word_1_324' title='bbox 1007 2223 1075 2255; x_wconf 83' lang='lat'>533</span> <span class='ocrx_word' id='word_1_325' title='bbox 1103 2218 1427 2265; x_wconf 70' lang='lat' dir='ltr'>(saecXVlXVI),</span> <span class='ocrx_word' id='word_1_326' title='bbox 1453 2223 1563 2262; x_wconf 58' lang='lat'>314&amp;</span> <span class='ocrx_word' id='word_1_327' title='bbox 1589 2240 1636 2245; x_wconf 96' lang='lat'><strong>—</strong></span> <span class='ocrx_word' id='word_1_328' title='bbox 1659 2223 1801 2255; x_wconf 80' lang='lat'>25—32</span> 
     </span>
     <span class='ocr_line' id='line_1_35' title="bbox 270 2277 1802 2324; baseline -0.003 -5"><span class='ocrx_word' id='word_1_329' title='bbox 270 2283 456 2319; x_wconf 77' lang='lat' dir='ltr'>Romani</span> <span class='ocrx_word' id='word_1_330' title='bbox 482 2281 656 2318; x_wconf 86' lang='lat' dir='ltr'>Vaticani</span> <span class='ocrx_word' id='word_1_331' title='bbox 682 2281 801 2315; x_wconf 81' lang='lat' dir='ltr'>Palat.</span> <span class='ocrx_word' id='word_1_332' title='bbox 836 2284 927 2315; x_wconf 90' lang='grc'><strong>1616</strong></span> <span class='ocrx_word' id='word_1_333' title='bbox 961 2279 1082 2324; x_wconf 86' lang='lat' dir='ltr'>(Parei</span> <span class='ocrx_word' id='word_1_334' title='bbox 1109 2279 1153 2322; x_wconf 96' lang='lat' dir='ltr'>l),</span> <span class='ocrx_word' id='word_1_335' title='bbox 1194 2282 1283 2313; x_wconf 84' lang='lat'>1617</span> <span class='ocrx_word' id='word_1_336' title='bbox 1310 2278 1433 2322; x_wconf 85' lang='lat' dir='ltr'>(Parei</span> <span class='ocrx_word' id='word_1_337' title='bbox 1458 2277 1524 2323; x_wconf 89' lang='lat' dir='ltr'>H),</span> <span class='ocrx_word' id='word_1_338' title='bbox 1564 2282 1656 2314; x_wconf 85' lang='lat'>1614</span> <span class='ocrx_word' id='word_1_339' title='bbox 1680 2278 1802 2324; x_wconf 76' lang='lat' dir='ltr'>(Parei</span> 
     </span>
     <span class='ocr_line' id='line_1_36' title="bbox 269 2336 1803 2387; baseline -0.003 -9"><span class='ocrx_word' id='word_1_340' title='bbox 269 2343 354 2387; x_wconf 92' lang='lat' dir='ltr'>III),</span> <span class='ocrx_word' id='word_1_341' title='bbox 401 2345 490 2378; x_wconf 88' lang='lat'>1618</span> <span class='ocrx_word' id='word_1_342' title='bbox 524 2340 646 2386; x_wconf 86' lang='lat' dir='ltr'>(Parei</span> <span class='ocrx_word' id='word_1_343' title='bbox 678 2340 754 2383; x_wconf 92' lang='lat' dir='ltr'>IV),</span> <span class='ocrx_word' id='word_1_344' title='bbox 801 2343 890 2374; x_wconf 88' lang='lat'>1612</span> <span class='ocrx_word' id='word_1_345' title='bbox 924 2338 1044 2382; x_wconf 71' lang='lat' dir='ltr'>(Pasei</span> <span class='ocrx_word' id='word_1_346' title='bbox 1070 2338 1128 2381; x_wconf 90' lang='lat' dir='ltr'>V),</span> <span class='ocrx_word' id='word_1_347' title='bbox 1175 2341 1264 2373; x_wconf 88' lang='lat'>1619</span> <span class='ocrx_word' id='word_1_348' title='bbox 1298 2337 1419 2381; x_wconf 83' lang='lat' dir='ltr'>(Parei</span> <span class='ocrx_word' id='word_1_349' title='bbox 1450 2336 1534 2386; x_wconf 54' lang='lat' dir='ltr'>VI),</span> <span class='ocrx_word' id='word_1_350' title='bbox 1577 2337 1803 2374; x_wconf 84' lang='lat' dir='ltr'>Barberinus</span> 
     </span>
     <span class='ocr_line' id='line_1_37' title="bbox 270 2396 1801 2446; baseline -0.002 -10"><span class='ocrx_word' id='word_1_351' title='bbox 270 2402 321 2436; x_wconf 91' lang='lat' dir='ltr'>IX</span> <span class='ocrx_word' id='word_1_352' title='bbox 349 2406 385 2444; x_wconf 75' lang='lat'>13</span> <span class='ocrx_word' id='word_1_353' title='bbox 425 2401 676 2446; x_wconf 83' lang='lat' dir='ltr'>Angelicanus</span> <span class='ocrx_word' id='word_1_354' title='bbox 702 2400 743 2434; x_wconf 88' lang='lat' dir='ltr'>T.</span> <span class='ocrx_word' id='word_1_355' title='bbox 772 2404 803 2435; x_wconf 88' lang='lat'>6.</span> <span class='ocrx_word' id='word_1_356' title='bbox 832 2403 894 2440; x_wconf 76' lang='lat'>103</span> <span class='ocrx_word' id='word_1_357' title='bbox 928 2418 970 2423; x_wconf 90' lang='lat'>-—</span> <span class='ocrx_word' id='word_1_358' title='bbox 1004 2401 1047 2432; x_wconf 81' lang='lat'>33</span> <span class='ocrx_word' id='word_1_359' title='bbox 1066 2401 1155 2432; x_wconf 86' lang='lat'>-40</span> <span class='ocrx_word' id='word_1_360' title='bbox 1187 2396 1497 2432; x_wconf 87' lang='lat' dir='ltr'>Londinenses</span> <span class='ocrx_word' id='word_1_361' title='bbox 1528 2396 1705 2432; x_wconf 88' lang='lat' dir='ltr'>Arundel.</span> <span class='ocrx_word' id='word_1_362' title='bbox 1731 2401 1801 2436; x_wconf 83' lang='lat'>338</span> 
     </span>
     <span class='ocr_line' id='line_1_38' title="bbox 269 2455 1800 2505; baseline -0.003 -9"><span class='ocrx_word' id='word_1_363' title='bbox 269 2460 329 2504; x_wconf 85' lang='lat' dir='ltr'>(cf.</span> <span class='ocrx_word' id='word_1_364' title='bbox 357 2459 554 2505; x_wconf 82' lang='lat' dir='ltr'>Hildyardi</span> <span class='ocrx_word' id='word_1_365' title='bbox 585 2459 701 2504; x_wconf 81' lang='lat' dir='ltr'>praef.</span> <span class='ocrx_word' id='word_1_366' title='bbox 728 2457 811 2493; x_wconf 79' lang='lat' dir='ltr'>Aul.</span> <span class='ocrx_word' id='word_1_367' title='bbox 838 2469 874 2502; x_wconf 89' lang='lat' dir='ltr'>p.</span> <span class='ocrx_word' id='word_1_368' title='bbox 900 2457 1019 2501; x_wconf 85' lang='lat' dir='ltr'>XIII),</span> <span class='ocrx_word' id='word_1_369' title='bbox 1058 2455 1250 2491; x_wconf 82' lang='lat' dir='ltr'>Harleiani</span> <span class='ocrx_word' id='word_1_370' title='bbox 1282 2458 1391 2499; x_wconf 87' lang='grc'><strong>2476,</strong></span> <span class='ocrx_word' id='word_1_371' title='bbox 1423 2458 1533 2498; x_wconf 86' lang='grc'><strong>2634,</strong></span> <span class='ocrx_word' id='word_1_372' title='bbox 1559 2458 1668 2498; x_wconf 90' lang='grc'><strong>2776,</strong></span> <span class='ocrx_word' id='word_1_373' title='bbox 1695 2458 1800 2500; x_wconf 83' lang='grc'><strong>3439,</strong></span> 
     </span>
     <span class='ocr_line' id='line_1_39' title="bbox 270 2512 1801 2563; baseline -0.004 -8"><span class='ocrx_word' id='word_1_374' title='bbox 270 2524 364 2556; x_wconf 88' lang='grc'><strong>4704</strong></span> <span class='ocrx_word' id='word_1_375' title='bbox 379 2520 486 2563; x_wconf 83' lang='lat' dir='ltr'>(saec.</span> <span class='ocrx_word' id='word_1_376' title='bbox 503 2518 614 2562; x_wconf 90' lang='lat' dir='ltr'>XIV),</span> <span class='ocrx_word' id='word_1_377' title='bbox 634 2521 738 2560; x_wconf 87' lang='lat'>5285,</span> <span class='ocrx_word' id='word_1_378' title='bbox 762 2517 830 2552; x_wconf 91' lang='lat' dir='ltr'>Ms.</span> <span class='ocrx_word' id='word_1_379' title='bbox 844 2515 981 2561; x_wconf 85' lang='lat' dir='ltr'>regalis</span> <span class='ocrx_word' id='word_1_380' title='bbox 995 2519 1039 2550; x_wconf 88' lang='lat'>15</span> <span class='ocrx_word' id='word_1_381' title='bbox 1053 2516 1086 2549; x_wconf 92' lang='lat' dir='ltr'>A</span> <span class='ocrx_word' id='word_1_382' title='bbox 1098 2513 1237 2555; x_wconf 83' lang='lat' dir='ltr'>XV111;</span> <span class='ocrx_word' id='word_1_383' title='bbox 1253 2535 1295 2539; x_wconf 97' lang='lat'><strong>—</strong></span> <span class='ocrx_word' id='word_1_384' title='bbox 1311 2517 1367 2548; x_wconf 90' lang='lat'>41.</span> <span class='ocrx_word' id='word_1_385' title='bbox 1383 2517 1427 2548; x_wconf 89' lang='grc'>42</span> <span class='ocrx_word' id='word_1_386' title='bbox 1448 2512 1801 2558; x_wconf 73' lang='lat' dir='ltr'>Guelferbytani</span> 
     </span>
     <span class='ocr_line' id='line_1_40' title="bbox 273 2570 1800 2621; baseline -0.003 -8"><span class='ocrx_word' id='word_1_387' title='bbox 273 2582 351 2621; x_wconf 86' lang='lat'>141,</span> <span class='ocrx_word' id='word_1_388' title='bbox 371 2582 458 2621; x_wconf 74' lang='lat'>335,</span> <span class='ocrx_word' id='word_1_389' title='bbox 483 2598 530 2603; x_wconf 95' lang='lat'>—</span> <span class='ocrx_word' id='word_1_390' title='bbox 555 2581 600 2611; x_wconf 83' lang='lat'>43</span> <span class='ocrx_word' id='word_1_391' title='bbox 627 2573 999 2611; x_wconf 85' lang='lat' dir='ltr'>Vindobonensis</span> <span class='ocrx_word' id='word_1_392' title='bbox 1029 2574 1179 2620; x_wconf 71' lang='lat' dir='ltr'>110s91.</span> <span class='ocrx_word' id='word_1_393' title='bbox 1207 2593 1250 2598; x_wconf 84' lang='lat'>—-</span> <span class='ocrx_word' id='word_1_394' title='bbox 1279 2570 1478 2607; x_wconf 87' lang='lat' dir='ltr'>Sciendum</span> <span class='ocrx_word' id='word_1_395' title='bbox 1503 2572 1562 2606; x_wconf 86' lang='lat' dir='ltr'>est</span> <span class='ocrx_word' id='word_1_396' title='bbox 1585 2573 1712 2607; x_wconf 85' lang='lat' dir='ltr'>autem</span> <span class='ocrx_word' id='word_1_397' title='bbox 1737 2583 1800 2608; x_wconf 88' lang='lat' dir='ltr'>eos</span> 
     </span>
     <span class='ocr_line' id='line_1_41' title="bbox 270 2629 1802 2680; baseline -0.005 -7"><span class='ocrx_word' id='word_1_398' title='bbox 270 2637 415 2673; x_wconf 88' lang='lat' dir='ltr'>codices</span> <span class='ocrx_word' id='word_1_399' title='bbox 449 2636 494 2671; x_wconf 88' lang='lat' dir='ltr'>de</span> <span class='ocrx_word' id='word_1_400' title='bbox 527 2646 682 2680; x_wconf 87' lang='lat' dir='ltr'>quorum</span> <span class='ocrx_word' id='word_1_401' title='bbox 709 2635 832 2669; x_wconf 82' lang='lat' dir='ltr'>aetate</span> <span class='ocrx_word' id='word_1_402' title='bbox 858 2633 950 2668; x_wconf 88' lang='lat' dir='ltr'>nihil</span> <span class='ocrx_word' id='word_1_403' title='bbox 977 2632 1105 2668; x_wconf 82' lang='lat' dir='ltr'>notavi</span> <span class='ocrx_word' id='word_1_404' title='bbox 1124 2631 1309 2677; x_wconf 84' lang='lat' dir='ltr'>pertinere</span> <span class='ocrx_word' id='word_1_405' title='bbox 1329 2631 1377 2666; x_wconf 80' lang='lat' dir='ltr'>ad</span> <span class='ocrx_word' id='word_1_406' title='bbox 1397 2641 1492 2666; x_wconf 78' lang='lat' dir='ltr'>saec.</span> <span class='ocrx_word' id='word_1_407' title='bbox 1506 2629 1584 2665; x_wconf 89' lang='lat' dir='ltr'>XV.</span> <span class='ocrx_word' id='word_1_408' title='bbox 1614 2630 1802 2676; x_wconf 81' lang='lat' dir='ltr'>Excerpta</span> 
     </span>
     <span class='ocr_line' id='line_1_42' title="bbox 271 2688 1858 2740; baseline -0.004 -9"><span class='ocrx_word' id='word_1_409' title='bbox 271 2695 363 2731; x_wconf 86' lang='lat' dir='ltr'>mihi</span> <span class='ocrx_word' id='word_1_410' title='bbox 395 2695 557 2740; x_wconf 86' lang='lat' dir='ltr'>benigne</span> <span class='ocrx_word' id='word_1_411' title='bbox 591 2694 774 2729; x_wconf 85' lang='lat' dir='ltr'>miserunt</span> <span class='ocrx_word' id='word_1_412' title='bbox 809 2703 853 2727; x_wconf 89' lang='lat' dir='ltr'>ex</span> <span class='ocrx_word' id='word_1_413' title='bbox 885 2691 1060 2727; x_wconf 84' lang='lat' dir='ltr'>Parisinis</span> <span class='ocrx_word' id='word_1_414' title='bbox 1091 2690 1281 2726; x_wconf 88' lang='lat' dir='ltr'>Ludovico</span> <span class='ocrx_word' id='word_1_415' title='bbox 1313 2688 1437 2734; x_wconf 85' lang='lat' dir='ltr'>Ieepio</span> <span class='ocrx_word' id='word_1_416' title='bbox 1471 2688 1723 2724; x_wconf 82' lang='lat' dir='ltr'>intercedente</span> <span class='ocrx_word' id='word_1_417' title='bbox 1747 2689 1797 2724; x_wconf 81' lang='lat' dir='ltr'>M.</span> <span class='ocrx_word' id='word_1_418' title='bbox 1852 2718 1858 2725; x_wconf 88' lang='lat'>.</span> 
     </span>
     <span class='ocr_line' id='line_1_43' title="bbox 273 2746 1797 2798; baseline -0.005 -8"><span class='ocrx_word' id='word_1_419' title='bbox 273 2755 474 2798; x_wconf 87' lang='lat' dir='ltr'>Bonnetus,</span> <span class='ocrx_word' id='word_1_420' title='bbox 501 2764 545 2788; x_wconf 87' lang='lat' dir='ltr'>ex</span> <span class='ocrx_word' id='word_1_421' title='bbox 564 2751 807 2788; x_wconf 87' lang='lat' dir='ltr'>Leidensibus</span> <span class='ocrx_word' id='word_1_422' title='bbox 828 2750 1033 2786; x_wconf 84' lang='lat' dir='ltr'>Gulielmus</span> <span class='ocrx_word' id='word_1_423' title='bbox 1058 2750 1106 2784; x_wconf 86' lang='lat' dir='ltr'>du</span> <span class='ocrx_word' id='word_1_424' title='bbox 1127 2749 1230 2793; x_wconf 87' lang='lat' dir='ltr'>Rieu,</span> <span class='ocrx_word' id='word_1_425' title='bbox 1257 2760 1302 2785; x_wconf 89' lang='lat' dir='ltr'>ex</span> <span class='ocrx_word' id='word_1_426' title='bbox 1321 2747 1546 2784; x_wconf 83' lang='lat' dir='ltr'>Florentinis</span> <span class='ocrx_word' id='word_1_427' title='bbox 1565 2747 1604 2783; x_wconf 90' lang='lat' dir='ltr'>et</span> <span class='ocrx_word' id='word_1_428' title='bbox 1621 2746 1797 2783; x_wconf 73' lang='lat' dir='ltr'>Romanis</span> 
     </span>
     <span class='ocr_line' id='line_1_44' title="bbox 272 2805 1798 2855; baseline -0.003 -9"><span class='ocrx_word' id='word_1_429' title='bbox 272 2813 459 2848; x_wconf 78' lang='lat' dir='ltr'>Gustavus</span> <span class='ocrx_word' id='word_1_430' title='bbox 479 2811 624 2855; x_wconf 83' lang='lat' dir='ltr'>Loewe,</span> <span class='ocrx_word' id='word_1_431' title='bbox 651 2822 694 2846; x_wconf 86' lang='lat' dir='ltr'>ex</span> <span class='ocrx_word' id='word_1_432' title='bbox 714 2808 1007 2846; x_wconf 86' lang='lat' dir='ltr'>Londinensibus</span> <span class='ocrx_word' id='word_1_433' title='bbox 1032 2808 1132 2845; x_wconf 87' lang='lat' dir='ltr'>idem</span> <span class='ocrx_word' id='word_1_434' title='bbox 1157 2807 1214 2843; x_wconf 87' lang='lat' dir='ltr'>vir</span> <span class='ocrx_word' id='word_1_435' title='bbox 1232 2808 1364 2844; x_wconf 87' lang='lat' dir='ltr'>doctus</span> <span class='ocrx_word' id='word_1_436' title='bbox 1390 2806 1455 2854; x_wconf 90' lang='lat' dir='ltr'>qui</span> <span class='ocrx_word' id='word_1_437' title='bbox 1474 2806 1497 2843; x_wconf 91' lang='lat' dir='ltr'><strong>J</strong></span> <span class='ocrx_word' id='word_1_438' title='bbox 1522 2805 1688 2843; x_wconf 83' lang='lat' dir='ltr'>codicem</span> <span class='ocrx_word' id='word_1_439' title='bbox 1712 2816 1798 2843; x_wconf 83' lang='lat' dir='ltr'>con·</span> 
     </span>
    </p>
   </div>
  </div>
 </body>
</html>
