1904 3106
942 102 994 107 .-
1059 77 1116 118 54
1183 101 1232 105 .-

321 183 517 235 ndzllzeft,
550 185 598 224 ut
629 196 947 237 recuperemus:

473 275 556 318 Sed
589 275 840 331 ecquisnam
872 247 1013 318 illist‘?
1044 264 1351 331 Astaphiumst
1382 274 1605 318 ancillula.

322 372 363 415 N
369 386 450 414 unc
489 371 742 426 priusquam
781 371 827 412 in
863 371 1029 426 primae
1075 386 1253 413 scaenae
1291 370 1699 426 interpolationibus
1734 369 1853 411 inda-

323 443 475 499 gandis
517 455 693 498 pergam
732 442 783 484 de
822 442 1004 485 duorum
1043 457 1151 497 quos
1191 457 1320 497 supra
1358 442 1487 484 attuli
1517 455 1720 484 versuum
1752 440 1853 483 scri-

322 517 451 569 ptura
491 513 764 555 tractandum
797 517 873 556 est.
940 513 1005 556 Ac
1036 514 1226 568 primum
1258 513 1429 568 quidem
1460 528 1499 555 v.
1528 513 1585 555 55
1625 513 1672 555 in
1710 512 1854 554 multis

323 585 559 626 hominibus
599 584 975 640 languidissimum
1012 587 1113 639 post
1149 585 1195 626 in
1235 598 1384 639 magmo
1407 584 1562 639 populo
1597 583 1733 625 miror
1762 585 1853 626 tam

325 655 397 697 diu
442 655 702 698 sollicitasse
745 657 962 698 neminem
978 654 1042 712 ⁰⁹),
1085 671 1182 698 cum
1221 671 1275 698 ne
1313 655 1532 698 codicibus
1571 654 1743 711 quidem
1781 653 1855 696 sed

325 726 578 769 Camerario
612 727 830 770 debeatur.
892 727 944 769 In
975 727 1099 769 libris
1132 727 1248 769 enim
1279 727 1410 770 inest:

443 821 669 865 Postremo
701 821 750 863 id
783 819 940 877 magno
973 821 1134 876 populo
1166 822 1218 863 in
1250 821 1315 878 (in
1346 822 1506 877 populo
1539 819 1640 878 CD)
1673 820 1857 864 mulier

1180 892 1438 935 hominibus.

325 978 476 1033 Itaque
508 977 554 1019 in
585 977 699 1032 quod
731 975 852 1019 vario
885 975 980 1018 loco
1013 975 1239 1018 exhibetur
1269 975 1345 1017 nil-
1363 975 1448 1018 nisi
1480 975 1792 1018 correctionem
1811 977 1858 1019 id

326 1048 443 1090 vocis
478 1063 571 1090 esse
604 1049 748 1090 exstat
780 1049 909 1103 atque
942 1046 1113 1089 eminet.
1156 1046 1207 1088 In
1234 1048 1438 1090 extremis
1465 1049 1611 1090 autem
1642 1047 1857 1090 mulierho-

326 1119 506 1162 minibus
537 1119 671 1161 latere
703 1119 914 1161 mulierem
940 1118 1234 1160 accusativum
1261 1133 1311 1161 eo
1336 1118 1544 1161 libentius
1570 1118 1858 1175 agnoscimus,

328 1191 428 1246 quia
460 1203 587 1246 aegre
619 1191 699 1232 tali
732 1189 1026 1232 additamento
1059 1204 1252 1231 caremus
1285 1189 1339 1231 ad
1371 1183 1676 1233 verba'amarc
1705 1193 1859 1244 oportet

327 1263 460 1305 onmis
489 1263 562 1316 qui
592 1263 700 1316 quod
728 1263 823 1304 cient
850 1261 1008 1303 habent.
1059 1260 1180 1310 Quod
1212 1276 1308 1303 cum
1340 1275 1428 1303 non
1459 1261 1688 1316 procedere
1713 1261 1857 1304 videa-

327 1338 399 1377 tur
444 1335 498 1377 ob
543 1333 800 1376 versiculum
846 1332 1119 1374 interiectum
1161 1346 1205 1374 re
1227 1332 1400 1387 placida
1429 1335 1549 1386 atque
1578 1333 1709 1375 otiosa
1738 1333 1860 1377 victis

326 1406 526 1460 hostibus,
564 1406 747 1447 alteram
786 1404 1007 1458 utriusque
1039 1418 1187 1445 versus
1218 1406 1388 1458 partem
1421 1406 1730 1446 commutatam
1764 1419 1859 1447 esse

331 1492 495 1529 censeo,
516 1476 631 1532 quod
651 1476 819 1518 facilius
840 1474 995 1517 accidit
1015 1474 1059 1516 in
1079 1474 1302 1516 versiculis
1320 1474 1592 1516 membratim
1609 1474 1757 1517 incisis
1772 1474 1858 1532 ¹⁰⁰);

330 1563 460 1604 quare
492 1562 570 1603 pro
603 1547 897 1602 mzdzerfflffine
913 1562 922 1588 ε
937 1545 1158 1596 mulierem,
1190 1559 1268 1600 pro
1294 1544 1434 1587 zmbus
1458 1545 1525 1587 vel
1550 1559 1861 1589 mutu-§means

330 1618 544 1661 restitutis
576 1618 862 1674 assequimur:

331 1810 455 1843 autern
496 1820 531 1853 p.
558 1811 627 1843 426
665 1807 725 1851 (cf.
755 1806 939 1841 ‘Nachttu'
975 1817 1010 1850 p.
1041 1807 1121 1849 157)
1158 1816 1224 1850 pro
1258 1804 1309 1838 At
1341 1803 1436 1839 vidit
1467 1803 1540 1839 Sed
1570 1805 1859 1849 exspectandum

332 1880 428 1902 esse:
467 1865 566 1911 qu'od
600 1866 719 1911 ipsum
746 1865 929 1911 corrigere
957 1865 1016 1899 vix
1042 1864 1140 1899 iusto
1167 1863 1345 1898 audacius
1371 1864 1459 1908 erit,
1492 1863 1676 1908 siquidem
1700 1865 1752 1909 11,
1779 1870 1811 1908 2,
1838 1869 1859 1900 6

331 1939 400 1973 pro
426 1926 497 1961 Sed
523 1926 571 1961 ab
597 1926 629 1959 A
656 1925 803 1959 servato
829 1924 892 1959 Ad
917 1923 958 1968 B,
985 1923 1036 1957 At
1062 1923 1105 1966 D,
1133 1923 1211 1957 Aut
1237 1922 1264 1957 C
1290 1922 1415 1958 habet.
1464 1923 1543 1957 Iam
1570 1933 1657 1958 vero
1682 1934 1755 1958 non
1781 1923 1861 1958 tam

331 1988 396 2022 hoc
422 1986 519 2020 male
544 1984 742 2028 insertum,
774 1994 885 2028 quam
918 1983 1037 2027 ecquis
1069 1981 1166 2017 male
1198 1981 1400 2026 repet-itum
1426 1993 1506 2017 esse
1531 1981 1671 2028 iudico,
1709 1985 1752 2019 ut
1776 1994 1860 2018 con-

408 2059 471 2080 ln>

332 2058 406 2082 mla
578 2092 651 2127 Sed
678 2090 893 2136 ecquisnam
918 2089 1038 2125 illist?
1063 2089 1133 2124 hoc
1159 2088 1326 2134 aperitur
1351 2088 1498 2124 ostium.

333 2164 483 2201 Etenim
503 2163 722 2198 Strabacem
747 2162 912 2197 nondum
938 2160 1038 2196 aedis
1063 2160 1241 2206 pulsasse,
1269 2159 1333 2195 sed
1353 2159 1576 2205 Astaphium
1601 2171 1683 2195 eum
1703 2160 1768 2196 ille
1788 2172 1863 2197 non

334 2224 521 2269 extemplo
547 2222 645 2257 intro
671 2221 758 2256 ierit
783 2221 914 2266 sponte
939 2219 1120 2265 prodiisse
1144 2219 1205 2263 (cf.
1225 2219 1278 2263 ΙΙ,
1305 2223 1336 2264 4,
1365 2222 1382 2253 1
1405 2220 1473 2263 sq.)
1498 2218 1619 2264 prima
1644 2218 1722 2254 eius
1749 2218 1863 2255 verba

334 2283 598 2318 demonstrant.
650 2281 747 2315 Nam
779 2279 855 2314 alia
886 2279 981 2314 Men.
1008 2291 1041 2314 v.
1069 2283 1138 2314 676
1169 2277 1337 2313 condicio
1370 2278 1425 2312 est
1456 2276 1520 2312 ubi
1550 2278 1748 2322 postquam
1779 2277 1861 2323 pul-

335 2344 441 2378 sante
466 2340 709 2377 Menaechmo
742 2338 910 2374 Erotium
945 2338 1052 2382 exiit,
1091 2338 1177 2372 ante
1211 2336 1314 2371 aedis
1349 2337 1450 2372 astat
1481 2348 1518 2372 se
1553 2336 1640 2372 ‘sibi
1670 2336 1863 2372 inimicum

335 2401 454 2446 magis
480 2411 593 2445 quam
619 2393 781 2434 amicae*
804 2399 842 2434 et
866 2397 972 2433 vultu
999 2399 1037 2432 et
1062 2396 1162 2431 dicto
1187 2395 1357 2440 prodens.

431 2462 491 2504 99)
516 2459 614 2494 Nam
640 2459 771 2494 eodem
795 2458 872 2493 fere
898 2456 1011 2500 redit,
1037 2455 1137 2500 quod
1163 2454 1343 2500 Bergkius
1368 2454 1392 2490 l.
1418 2466 1445 2490 s.
1472 2467 1499 2489 s.
1525 2466 1561 2500 p.
1588 2459 1634 2491 84
1659 2455 1863 2490 innumeris

335 2520 542 2557 hominibus
568 2518 681 2553 dedit.

411 2582 493 2625 100)
530 2578 583 2613 Ac
615 2588 660 2612 ne
691 2575 773 2621 quis
805 2576 971 2620 opponat
1002 2574 1131 2610 eodem
1170 2584 1279 2618 quem
1311 2572 1527 2608 sustulimus
1557 2572 1686 2608 ordine
1717 2573 1862 2608 exstare

337 2640 449 2675 Poen.
477 2638 545 2682 ΙΙΙ,
574 2640 678 2681 1‚21:
707 2635 944 2670 ‘Praesertim
971 2634 1010 2668 in
1034 2644 1073 2669 re
1100 2633 1229 2678 populi
1254 2631 1406 2678 placida
1429 2633 1542 2676 atque
1566 2633 1773 2668 interfectis
1796 2632 1863 2668 ho-

339 2697 484 2740 stibus‚'
512 2696 611 2731 idem
638 2696 767 2730 contra
791 2705 902 2739 quem
927 2692 1156 2728 restituimus
1181 2692 1219 2726 in
1245 2691 1358 2727 Persa
1383 2691 1550 2726 servatur
1573 2701 1608 2726 v.
1635 2694 1719 2727 753:

458 2767 636 2804 Hestibus
660 2766 787 2811 victis,
814 2765 956 2800 civibus
981 2763 1110 2809 salvis,
1136 2765 1176 2799 re'
1200 2763 1348 2808 placida
1372 2761 1525 2808 pacibus
1548 2760 1722 2807 perfectis

462 2828 566 2863 Bello
593 2826 774 2871 extincto,
801 2827 839 2861 ro
865 2825 958 2860 bene
983 2825 1099 2870 gesta,
1126 2824 1271 2869 integro
1296 2821 1459 2858 exercitu
1485 2822 1522 2855 et
1546 2818 1739 2866 praesidiis
1764 2822 1825 2856 cet.
