1904 3106
673 169 727 176 —
790 143 847 188 95
911 168 963 175 -.

62 253 217 296 obtutu
247 252 460 309 apparuit.
508 251 631 302 Quod
662 265 748 294 non
784 251 848 293 ita
877 250 1071 306 intellegi
1104 249 1218 305 volo,
1248 249 1372 305 quasi
1403 264 1455 291 ex
1486 249 1581 304 ipso

64 323 140 366 illo
171 322 317 366 codice
348 337 420 365 eas
451 337 544 365 esse
577 322 863 377 transcriptas
894 335 1102 375 censeam,
1127 320 1381 376 praesertim
1407 335 1505 362 cum
1530 334 1580 362 ex

65 393 215 436 eodem
245 408 394 436 omnes
424 393 597 435 fluxisse
626 392 746 435 nullo
778 392 905 435 modo
937 392 995 434 sit
1025 392 1114 433 veri
1141 391 1300 433 simile:
1331 391 1406 433 sed
1424 390 1582 446 qualis·

61 478 227 519 cunque
257 463 446 507 librariis
476 466 650 519 praesto
677 466 770 506 erat
793 463 910 504 illius
937 462 1106 517 generis
1133 461 1276 511 codex,
1307 476 1358 504 eo
1379 461 1445 503 usi
1471 464 1583 514 sunt,

63 537 111 576 ut
147 534 324 577 adiectis
360 535 584 577 duodecim
620 533 929 589 posterioribus
965 532 1125 575 fabulis
1163 547 1295 574 unum
1329 532 1470 574 Plauti
1509 547 1582 574 vo-

62 605 207 647 lumen
237 605 466 648 efficerent.
527 605 640 648 Nam
673 607 779 660 quot
809 604 1015 647 constitui
1047 606 1231 658 possunt
1261 617 1419 659 genera
1450 603 1582 645 libro-

64 690 159 717 rum
197 677 270 731 qui
306 676 470 731 priores
507 679 605 718 octo
636 675 805 718 fabulas
837 675 1057 730 exhibent,
1088 676 1135 717 in
1165 674 1346 717 totidem
1379 674 1467 716 fere
1499 674 1582 715 dis-

63 745 218 788 cedunt
253 747 402 800 ceteri,
444 746 488 788 id
520 746 633 802 quod
672 746 876 801 exemplis
912 746 1205 788 demonstrare
1242 760 1341 787 cum
1379 745 1449 786 vix
1488 745 1582 786 usui

63 817 132 871 sit,
162 815 336 860 chartae
367 832 539 872 parcere
569 818 695 860 malo.
1139 825 1141 827 ’

185 910 308 960 Quod
337 911 390 953 de
422 911 638 953 codicibus
657 911 814 966 viginti
832 909 1076 952 fabularum
1106 909 1208 964 dixi,
1238 909 1351 953 idem
1383 911 1500 953 valet
1530 911 1582 953 de

62 981 249 1024 editione
279 981 471 1036 principe
484 980 538 1037 ⁴⁴)
568 996 677 1037 quae
708 982 871 1036 prodiit
890 981 1089 1024 Venetiis
1115 996 1142 1023 a
1166 979 1582 1036 CIOOGGCLXXH,

64 1053 154 1094 sive
186 1067 237 1094 ex
268 1067 354 1094 uno
386 1053 529 1095 codice
561 1053 677 1095 facta
705 1056 770 1095 est
802 1054 891 1095 sive
917 1068 968 1095 ex
994 1052 1173 1095 duobus.
1209 1052 1375 1096 Eodem
1401 1053 1582 1108 denique

66 1123 186 1164 fonte
216 1123 413 1165 nituntur
443 1123 652 1166 editiones
684 1139 818 1179 usque
850 1123 903 1165 ad
935 1122 1284 1166 Gamerarianam
1316 1139 1475 1166 omnes.

620 1406 767 1436 CAPVT
798 1406 1028 1437 ALTERVM.

568 1514 595 1565 ξ
630 1514 665 1554 1.
734 1512 1072 1556 Glossemata.

181 1618 397 1673 Amphitr.
417 1618 502 1660 678
532 1618 562 1660 J
593 1618 747 1660 miram
778 1619 889 1661 hanc.
915 1620 1088 1661 exhibet
1115 1620 1390 1674 scripturam:
1421 1620 1584 1663 thebani

64 1702 161 1730 uero
199 1688 321 1730 aliter
358 1689 546 1731 uirorum
589 1689 734 1742 ificant
778 1690 1078 1742 rummifit'eant,
1133 1703 1241 1745 quae
1290 1704 1373 1744 quo
1418 1693 1583 1745 spectet

64 1782 200 1824 disces
238 1797 289 1824 ex
326 1782 381 1824 B:
424 1782 587 1824 thebani
622 1783 770 1825 uerorae‘c
813 1768 1014 1837 nlifwant.
1075 1782 1406 1826 contaminatae
1449 1784 1583 1840 igitur

66 1856 169 1895 sunt
197 1853 304 1895 duae
335 1853 559 1906 lectiones,
600 1853 712 1908 quod
743 1853 856 1895 idem
887 1854 932 1895 in
963 1853 1002 1896 D
1034 1854 1198 1896 factum
1218 1856 1294 1895 -est
1325 1855 1445 1897 Asin.
1477 1855 1583 1898 626:

67 1924 224 1987 loquere
258 1927 282 1963 i
318 1924 418 1977 quid
445 1925 510 1977 qd.
572 1922 782 1966 Similiter
813 1927 1038 1979 corruptus
1070 1927 1138 1966 est
1167 1924 1383 1979 Amphitr.
1414 1941 1452 1967 v.
1485 1926 1583 1979 647,

66 1994 138 2036 ubi
157 1994 194 2036 B
214 1994 406 2036 exhibet:
435 1998 483 2036 ut
504 2008 616 2037 metas
640 1996 769 2037 uictor
797 1996 868 2036 uir
897 1995 990 2036 belli
1018 1996 1175 2043 redeat,·
1206 1994 1271 2050 (in
1301 1997 1496 2051 margine
1527 2001 1584 2037 ar.

65 2100 197 2142 clueat
228 2115 283 2163 m.
307 2098 369 2155 II)
379 2133 391 2153 ,
422 2114 529 2155 quae
561 2100 667 2141 talia
699 2103 798 2142 sunt
830 2100 874 2142 in
905 2101 951 2142 J:
994 2101 1087 2143 belli
1116 2102 1282 2143 reducat
1313 2100 1389 2156 (=
1407 2067 1582 2156 νεῖἵεῗιί),

66 2197 194 2249 atque
237 2194 284 2236 in
320 2193 377 2236 D:
432 2173 684 2249 ὒεῐῑίωᾶᾇςαύ
728 2193 794 2250 (ut
825 2215 880 2228 =
911 2196 1002 2250 vel).
1067 2194 1222 2237 Voluit
1252 2195 1386 2250 igitur
1429 2210 1581 2238 manus

66 2390 142 2426 Mil.
168 2391 218 2436 gl.
244 2402 280 2436 p.
293 2389 411 2434 XIV);
436 2390 654 2436 fragmentis
678 2391 1014 2427 Mediolanensibus
1039 2392 1140 2436 (vide
1166 2392 1296 2438 opusc.
1312 2393 1441 2438 philol.
1460 2393 1532 2429 vol.
1549 2393 1581 2427 11

67 2460 103 2493 p.
123 2453 203 2492 237,
228 2449 292 2484 nbi
317 2449 459 2494 corrige
482 2451 612 2484 notam
635 2449 705 2484 ita:
731 2449 766 2484 H
781 2454 824 2485 75
850 2450 914 2487 inf.
941 2453 980 2486 et
1004 2450 1097 2486 {125
1115 2451 1209 2495 inf.);
1238 2451 1583 2488 Vindobonensibus

69 2512 132 2542 111
160 2508 199 2542 et
222 2511 331 2550 3168ς
363 2507 565 2543 Barberino
595 2511 685 2543 2161
714 2508 779 2551 (ΙΧ
804 2510 865 2553 22)
898 2509 956 2553 (cf.
983 2509 1098 2554 praef.
1126 2509 1203 2546 Mil.
1229 2510 1279 2554 gl.
1305 2523 1340 2555 p.
1367 2511 1482 2554 XIIl);
1509 2510 1582 2544 Va-

66 2564 198 2601 ticanis
229 2569 320 2600 1629
345 2555 390 2599 Et
422 2569 510 2600 1633
542 2565 600 2610 (cf.
632 2566 746 2610 praef.
778 2567 891 2604 Trin.¹
925 2580 960 2613 p.
987 2568 1143 2603 XXXIV
1163 2571 1243 2614 sq.).
1299 2569 1497 2604 Praeterea
1527 2568 1581 2602 in-

66 2622 170 2668 epexi
206 2622 370 2658 codicem
406 2622 635 2667 Lipsiensem
672 2626 710 2659 et
745 2624 958 2670 Etruscum,
994 2626 1040 2661 de
1078 2638 1151 2671 quo
1188 2627 1273 2662 vide
1310 2627 1426 2672 praef.
1459 2626 1578 2661 Trin.¹

0 2693 3 2700 ’
67 2693 103 2727 p.
129 2681 293 2716 XXXIII.

162 2753 223 2796 44)
252 2751 370 2786 Doleo
400 2751 499 2796 quod
529 2752 575 2787 de
607 2755 690 2789 octo
721 2754 885 2799 priorum
909 2755 1118 2791 fabularum
1144 2756 1304 2791 editione
1330 2756 1496 2801 principe
1520 2756 1580 2800 (cf.

69 2809 203 2854 opusc.
226 2809 355 2854 philol.
380 2810 453 2845 vol.
480 2811 511 2844 Il
537 2823 571 2855 p.
597 2815 643 2846 34
661 2814 730 2857 sq.)
755 2812 849 2847 nihil
874 2813 1009 2849 referre
1034 2826 1203 2860 possum:
1240 2825 1466 2859 quamquam
1491 2815 1580 2859 quin

15 2903 18 2905 Α
69 2867 115 2902 ad
142 2868 314 2913 vulgatos
338 2868 452 2904 libros
476 2869 605 2905 redeat
628 2869 751 2906 nullus
776 2871 915 2906 dubito.
