1904 3106
254 197 432 250 propter
464 193 649 237 similem
681 194 843 236 exitum
871 195 1138 251 insequentis
1170 209 1332 250 versus,
1362 193 1506 250 qualia
1535 192 1651 236 haud
1682 208 1781 237 raro

254 265 460 307 accidisse
493 280 624 320 supra
656 266 1002 309 memoravimus.
1064 265 1128 310 Cf.
1159 282 1201 322 p.
1235 267 1288 309 73
1310 281 1372 322 sq.

373 360 456 404 Sed
493 362 579 404 iam
618 361 741 403 video
781 360 955 403 modum
994 377 1086 404 esse
1123 362 1429 418 imponendum
1459 361 1560 404 huic
1590 361 1781 417 disputa-

252 433 489 485 tiunculae,
521 447 618 475 cum
656 432 709 474 ad
748 432 981 474 editionem
1020 434 1122 488 alia,
1165 449 1252 476 non
1284 433 1339 475 ad
1371 447 1563 475 seorsum
1596 432 1782 475 conscri-

252 504 438 547 bendam
470 503 765 558 quaestionem
797 504 1014 557 pertinere
1039 505 1338 547 intellexerim.
1388 503 1471 546 Sed
1502 504 1546 546 id
1576 507 1681 559 puto
1714 518 1782 546 me

252 576 455 630 effecisse,
486 574 820 629 haudquaquam
839 574 868 616 J
889 575 1078 617 codicem
1089 573 1139 631 13)
1159 589 1251 617 esse
1284 579 1524 618 correctum
1555 575 1783 630 exemplar,

252 662 401 689 verum
439 662 490 689 ex
528 647 622 701 ipso
662 660 757 688 cum
789 647 942 689 ceteris
974 647 1094 689 fonte
1127 647 1345 688 communi
1377 660 1471 688 esse
1501 645 1783 701 repetendum

253 732 386 774 eaque
424 720 595 768 tantum
632 718 798 759 ratione
837 717 1102 772 inferiorem,
1146 717 1259 773 quod
1298 717 1460 759 maiore
1491 731 1620 772 quam
1652 716 1783 759 ceteri

253 789 530 845 neglegentia
562 790 762 831 exaratus
795 791 872 831 est.

351 990 409 1034 13)
441 989 546 1024 Unde
577 989 639 1024 hic
665 989 778 1024 codex
806 989 950 1025 venerit
974 1000 1201 1034 quamquam
1226 989 1321 1025 nihil
1345 988 1525 1024 traditum
1551 991 1623 1034 est,
1655 990 1782 1024 tamen

255 1059 326 1083 non
358 1048 659 1094 improbabiliter
690 1048 783 1084 mihi
800 1048 1016 1084 coniecisse
1048 1049 1192 1093 videor,
1227 1048 1350 1094 ipsum
1375 1047 1436 1084 vel
1466 1047 1544 1084 eius
1567 1047 1710 1083 fontem
1735 1058 1781 1083 ex

255 1107 450 1142 Britannia
476 1107 660 1153 originem
686 1107 843 1143 duxisse.
890 1107 1116 1143 Osbernus
1142 1108 1258 1152 enim,
1283 1107 1488 1144 monachus
1514 1106 1783 1143 Glocestrensis

253 1166 465 1202 duodecimi
496 1166 653 1211 saeculi,
692 1169 1030 1215 quemNauctorem
1062 1179 1140 1204 esse
1173 1166 1439 1203 Panormiae
1476 1166 1536 1212 (cf.
1567 1166 1644 1202 Mai
1674 1166 1781 1201 Auct.

253 1225 358 1261 class.
386 1226 457 1262 vol.
485 1226 586 1271 VIII)
617 1226 745 1263 docuit
776 1226 982 1263 Gulielmus
1008 1227 1136 1273 Meyer
1165 1227 1258 1262 Mus.
1285 1227 1403 1262 Rhen.
1430 1226 1503 1262 vol.
1529 1229 1574 1261 29
1601 1227 1648 1271 (a.
1677 1226 1782 1270 1874)

254 1296 289 1329 p.
318 1289 397 1330 180,
423 1287 466 1320 ut
489 1285 528 1320 in
553 1285 750 1322 afferendis
775 1287 942 1322 versibus
967 1287 1030 1331 qui
1055 1287 1246 1332 pertinent
1270 1287 1318 1322 ad
1337 1285 1534 1322 duodecim
1558 1285 1784 1331 posteriores

252 1344 399 1380 fabulas
430 1356 578 1390 prorsus
609 1345 748 1390 pendet
778 1356 797 1380 e
828 1346 1083 1391 grammaticis
1108 1345 1235 1381 latinis
1261 1345 1319 1391 (cf.
1347 1344 1504 1381 Gustavi
1527 1344 1669 1381 Loewii
1692 1344 1783 1380 Pro-

253 1404 373 1439 dromi
405 1403 570 1450 corporis
601 1403 866 1449 glossariorum
897 1404 1098 1440 latinorum
1129 1417 1164 1450 p.
1191 1408 1259 1440 243
1286 1405 1324 1439 et
1350 1407 1419 1439 254
1433 1405 1514 1450 sq.),
1550 1403 1609 1439 ita
1632 1403 1670 1439 in
1696 1404 1782 1439 octo

254 1462 438 1508 prioribus
462 1463 599 1499 fabulis
619 1466 767 1499 secutus
786 1465 844 1499 est
862 1463 1027 1499 eiusdem
1047 1465 1146 1499 certe
1172 1463 1319 1509 generis
1343 1463 1508 1499 codicem
1533 1462 1656 1508 qualis
1674 1464 1730 1499 est
1748 1461 1784 1498 J.

253 1522 350 1557 Nam
377 1522 545 1566 quamvis
571 1522 720 1558 omnino
745 1523 864 1559 soleat
887 1523 1085 1559 immutare
1111 1523 1226 1559 verba
1249 1524 1383 1568 poetae
1407 1521 1695 1568 transponendo,
1719 1521 1783 1557 ad-

253 1581 385 1625 dendo,
407 1581 685 1626 corrumpendo,
705 1583 832 1618 tamen
852 1582 942 1618 satis
963 1583 1065 1618 certa
1083 1581 1243 1627 vestigia
1261 1581 1500 1627 deprehendi,
1520 1592 1566 1617 ex
1583 1580 1718 1626 quibus
1736 1581 1783 1616 de

252 1641 330 1676 eius
355 1640 458 1677 fonte
483 1640 735 1677 coniecturam
759 1641 882 1677 facere
907 1641 1007 1677 licet.
1045 1641 1159 1676 Velut
1184 1640 1414 1676 Curculionis
1439 1653 1473 1676 v.
1502 1643 1569 1676 108
1589 1651 1644 1685 sq.
1667 1639 1783 1676 talem

252 1700 405 1736 exhibet
429 1701 479 1736 B:

751 1760 945 1806 inuergere
971 1762 1064 1806 (yere
1087 1759 1126 1795 in
1150 1770 1221 1795 ras,
1248 1771 1293 1794 m.
1316 1759 1364 1804 ΙΙ)
1388 1759 1488 1795 inme
1511 1758 1677 1804 liquores
1699 1759 1784 1794 tuos

539 1818 643 1854 Sino
670 1819 853 1855 ductim.
1574 1823 1583 1833 ‘

254 1890 324 1926 Pro
350 1890 484 1936 quibus
509 1890 602 1926 haee
628 1892 715 1925 sunt
737 1890 777 1925 in
803 1891 844 1926 J:

823 1961 1019 2007 inuergere
1043 1961 1082 1996 in
1107 1971 1166 1996 me
1190 1960 1354 2005 liquores
1378 1962 1463 1996 tuos

540 2020 616 2055 Sin
625 2031 646 2056 o
677 2021 702 2055 d
711 2032 732 2057 ο
740 2020 803 2056 cti
810 2033 859 2056 m.

254 2091 360 2127 Unde
393 2090 579 2127 Osbernus
614 2103 651 2136 p.
687 2093 770 2127 168:
811 2090 961 2126 ‘omnes
991 2090 1154 2135 liquores
1183 2089 1224 2125 in
1255 2101 1314 2126 me
1344 2091 1429 2126 tuos
1459 2090 1558 2126 sinc
1588 2090 1779 2128 doctim’

254 2150 427 2186 derivans
454 2150 564 2185 simul
589 2150 721 2186 doetim
746 2161 769 2185 a
794 2150 931 2187 doetus.
957 2170 1001 2176 —
1029 2149 1134 2186 Cure.
1159 2161 1193 2185 v.
1221 2153 1283 2185 56:

542 2220 613 2263 Qui
638 2221 719 2256 uolt
744 2221 879 2257 cubare
905 2220 1036 2266 pandit
1061 2221 1226 2256 saltum
1251 2220 1395 2256 sauiis
1421 2219 1546 2265 (sauiis
1565 2231 1611 2256 ex
1630 2220 1780 2267 saunis).

254 2280 392 2316 Contra
415 2280 454 2315 J:

539 2338 610 2380 Qui
636 2339 717 2374 uolt
740 2339 875 2375 cubare
900 2339 1034 2385 pandit
1058 2339 1221 2375 saltem
1247 2338 1461 2374 suauium.

257 2410 437 2446 Similiter
463 2408 666 2444 Osbernus:
696 2409 775 2454 ‘qui
800 2410 882 2446 volt
907 2411 1042 2469 cubare
1067 2410 1199 2456 pandit
1224 2410 1362 2445 saltum
1387 2408 1529 2444 savium
1539 2409 1564 2456 ’,
1589 2408 1635 2445 cf.
1654 2421 1690 2456 p.
1711 2412 1783 2446 224

255 2471 410 2515 (savium
435 2486 479 2498 =
505 2469 671 2512 savium).
712 2489 755 2493 —
793 2469 959 2505 Aulular.
991 2469 1043 2504 ΙΙΙ
1074 2473 1109 2513 2,
1133 2473 1178 2504 22
1216 2480 1284 2514 pro
1320 2468 1465 2513 sequius
1502 2468 1560 2513 (B)
1598 2467 1783 2504 Osbernus

255 2542 339 2566 cum
365 2529 388 2564 J
412 2528 568 2574 praebet
591 2537 701 2563 secus,
752 2527 892 2570 Quibus
919 2527 1097 2573 exemplis
1127 2527 1216 2563 licet
1240 2526 1329 2562 satis
1359 2526 1481 2562 multa
1510 2526 1656 2563 addere.
1708 2527 1782 2564 Sed

255 2599 482 2634 quamquam
526 2586 652 2623 omnia
695 2586 859 2623 studiose
903 2587 1127 2632 conquisivi,
1176 2587 1263 2622 nolo
1306 2587 1433 2621 tamen
1478 2585 1572 2622 alios
1619 2585 1781 2633 fatigare

254 2647 422 2693 pluribus
465 2645 601 2681 allatis.
635 2646 830 2690 .Apparet
861 2645 978 2692 igitur
1020 2646 1067 2681 ad
1104 2645 1279 2681 Plautum
1317 2645 1589 2681 emendandum
1627 2644 1783 2682 Osberni

256 2705 490 2742 Panormiam
527 2704 622 2740 nihil
658 2704 800 2740 valere:
845 2715 931 2739 nam
969 2716 1060 2750 quos
1097 2716 1171 2740 non
1208 2716 1252 2740 ex
1288 2704 1541 2750 grammaticis
1577 2703 1782 2750 depromsit

254 2766 376 2810 Ιοοοε,
414 2775 475 2800 eos
506 2775 550 2799 ex
582 2764 714 2800 eodem
745 2763 805 2799 vel
836 2765 935 2799 certe
966 2763 1147 2809 persimili
1172 2764 1276 2799 fonte
1300 2763 1427 2799 hausit
1450 2762 1503 2807 ei,
1540 2774 1613 2808 quo
1636 2764 1783 2799 nosmet

253 2826 402 2861 utimur.

1890 2530 1904 2628 .-t...2-
1886 2466 1904 2524 ...-..“
1896 2446 1904 2454 .=
1901 2417 1904 2439 ,-
1900 2337 1904 2346 -
