1904 3106
731 118 785 124 -.
848 93 902 136 31
971 116 1019 122 -.

118 218 152 245 s.
187 217 229 258 p.
259 201 347 244 615
383 199 659 267 reprehendit
696 198 1016 242 coniunctivum
1053 195 1345 253 recipiendum
1384 207 1479 235 esse
1516 195 1640 247 puto,

118 273 218 316 sed:

177 344 261 396 Qui
290 343 406 400 potis
436 343 591 384 amabo
622 340 825 396 plenius?
857 339 929 395 qui
961 338 1146 381 antehaeic
1176 339 1347 379 amator
1377 338 1569 378 summus

176 413 403 468 Habitust‚
433 427 546 455 nunc
576 412 629 454 ad
661 412 845 454 amicdm
877 425 1018 452 meras
1051 407 1340 464 querimonias
1371 405 1536 448 deferre
1551 403 1623 462 ⁶⁰)!

204 671 208 674 ,
240 625 325 669 Sed
354 626 451 668 ideo
482 624 562 667 hos
593 639 741 667 versus
773 617 990 678 exscripsi,
1021 622 1121 678 quia
1153 621 1205 663 ad
1237 635 1395 663 novam
1420 619 1643 661 tractatio·

123 710 224 740 nem
254 711 334 740 nos
364 695 614 751 perducunt.
674 694 847 736 Etenim
878 696 927 735 ut
957 707 1008 734 ea
1038 707 1148 748 quae
1179 706 1229 733 ex
1261 690 1438 733 incertis
1468 689 1644 732 Menan-

118 767 185 810 dri
227 767 481 823 fragmentis
524 766 653 808 attuli
695 766 788 821 ipse
831 764 1022 807 concessi
1060 763 1158 819 plus
1196 763 1391 805 minusve
1430 762 1641 803 incertum

118 853 214 881 esse
242 853 346 881 num
376 838 490 880 forte
521 837 575 879 ad
606 836 749 879 Plauti
780 837 944 878 fontem
975 834 1238 890 pertineant,
1279 834 1343 876 ita
1382 836 1526 875 certa
1565 831 1643 875 Si-

119 909 294 964 cyonii
333 909 559 964 vestigia
605 908 736 963 apud
777 907 1146 962 Alciphronem
1186 919 1238 947 ex
1274 905 1534 947 Truculento
1572 904 1643 946 de-

118 979 396 1036 prehendisse
427 979 534 1021 mihi
563 979 722 1021 videor.

236 1049 351 1093 Nam
374 1051 422 1093 in
445 1049 692 1093 Simalionis
711 1049 970 1104 Petalaeque
996 1047 1156 1090 mutuis
1182 1046 1379 1102 epistulis
1405 1044 1458 1101 (I,
1477 1046 1546 1088 35.
1567 1044 1643 1101 36)

119 1135 208 1164 non
237 1121 364 1172 modo
396 1120 625 1164 Simalioni
655 1121 803 1163 eadem
834 1135 932 1162 cum
962 1118 1197 1161 Diniarcho
1235 1117 1429 1159 condicio
1468 1120 1551 1171 est,
1591 1117 1643 1158 τὸ

119 1191 325 1234 πολλάκις
367 1193 437 1235 ἐπὶ
478 1193 553 1234 τὰ(
593 1193 723 1244 θύρα(
766 1193 924 1244 φοιτᾶν
970 1191 1037 1232 καὶ
1076 1193 1168 1232 τοῖς
1208 1190 1495 1240 πεμπομένοις
1535 1189 1643 1239 πρὸ(

119 1263 221 1304 τοῦ(
251 1262 577 1315 εὐωχεετέρου(
602 1261 934 1313 θεραπαινιδίω(
958 1260 1242 1311 ἀποδύρεεθαι
1268 1258 1320 1316 (I,
1339 1259 1408 1313 35,
1431 1261 1474 1313 13
1506 1258 1559 1300 cf.
1578 1258 1643 1315 3):

120 1332 195 1375 sed
225 1332 271 1374 in
294 1332 470 1375 Petalae
501 1333 687 1387 epistula
716 1334 807 1373 tam
838 1331 977 1373 multa
1008 1345 1104 1372 cum
1124 1330 1373 1372 Truculenti
1405 1329 1513 1372 locis
1544 1344 1643 1371 eon-

120 1402 287 1457 cinunt,
317 1405 366 1444 ut
395 1402 513 1444 casui
544 1402 780 1444 attribuere
810 1416 1010 1456 nequeas.
1071 1401 1136 1442 Ac
1166 1401 1355 1455 primum
1386 1400 1556 1455 quidem
1589 1400 1642 1442 ad

121 1473 252 1516 verba
279 1474 354 1527 qui
381 1473 551 1516 antehac
580 1476 744 1515 amator
771 1485 957 1514 &ammas
987 1471 1203 1525 Habitust,
1239 1485 1350 1513 mmo
1378 1472 1437 1513 ad
1463 1473 1643 1514 ann'oam

118 1557 255 1586 meras
275 1545 553 1597 querimonias
576 1544 731 1596 deferre
755 1543 934 1584 aceedit:
964 1542 1050 1592 ἐγὼ
1077 1542 1124 1582 δὲ
1149 1542 1175 1592 ἡ
1201 1541 1382 1583 τάλαινα
1407 1543 1642 1597 θρηνῳδόν,

120 1613 200 1656 οὐκ
227 1614 407 1666 ἑραετὴν
437 1615 535 1666 ἔχω.
596 1614 732 1656 Porro
763 1627 860 1655 cum
892 1613 1086 1655 versibus
1116 1611 1149 1665 I,
1184 1613 1220 1666 1,
1252 1612 1306 1653 31
1330 1627 1440 1668 sqq.:

179 1707 438 1764 Priusquam
468 1712 602 1751 tinum
633 1707 799 1749 dederis
831 1708 1001 1749 centum
1034 1721 1142 1762 quae
1173 1707 1325 1761 poscaeit
1355 1709 1499 1761 parat:

181 1778 272 1821 Aut
301 1782 455 1821 anirum
485 1779 616 1834 periit
646 1781 723 1820 alit
752 1778 1013 1820 conscissast
1042 1777 1208 1832 pzillula
1222 1775 1287 1832 ⁶¹),

180 1848 270 1891 Aut
299 1850 445 1904 empta
475 1849 633 1891 ancilla
662 1851 738 1890 aut
768 1848 940 1903 ziliquod
971 1863 1122 1890 vasum
1155 1849 1404 1903 argenteum

179 1920 271 1961 Aut
299 1921 450 1962 vsisum
482 1919 669 1962 ahenum
698 1920 874 1973 rziptum
905 1920 980 1960 aut
1010 1919 1175 1973 eleptus
1207 1918 1388 1960 lectulus
1404 1916 1455 1974 62)

216 2071 277 2115 60)
313 2070 497 2106 Nimirum
527 2070 730 2106 infinitivus
761 2071 817 2105 est
846 2069 1128 2105 exclamationis
1159 2081 1269 2114 quem
1301 2081 1375 2105 non
1400 2071 1522 2117 magis
1547 2083 1639 2117 opus

120 2130 179 2164 est
201 2129 379 2174 exemplis
402 2130 597 2174 illustrem,
622 2140 734 2174 quam
759 2129 858 2173 quod
879 2129 994 2164 ‘eum'
1015 2140 1217 2174 pronomen
1243 2131 1330 2174 post
1348 2130 1639 2166 enunta'ationem

122 2187 318 2223 relativam
342 2188 520 2223 omissum
551 2189 609 2223 est
639 2188 698 2223 vel
729 2187 827 2232 quod
852 2187 1073 2233 Astaphium
1097 2198 1171 2222 non
1195 2187 1316 2233 ipsum
1341 2189 1555 2234 adloquitur
1579 2190 1641 2225 Di-

120 2245 332 2292 nimbum,
363 2247 428 2282 sed
458 2259 524 2293 per
553 2247 703 2282 tertiam
734 2257 929 2292 personam
960 2247 1006 2282 de
1030 2248 1224 2292 praesente
1250 2247 1365 2282 verba
1387 2247 1490 2283 facit.
1542 2248 1640 2290 Quas

122 2306 248 2340 autem
284 2304 486 2350 Seyffertus
521 2305 655 2342 Philol.
692 2307 720 2340 t.
746 2305 886 2340 XXVII
922 2317 958 2350 p.
984 2309 1051 2340 461
1091 2316 1134 2340 ac
1172 2305 1373 2341 Muellerus
1411 2306 1435 2341 l.
1462 2319 1487 2342 s.
1514 2320 1541 2342 s.
1579 2308 1639 2351 (cf.

124 2362 307 2398 ‘Nachtn'
334 2375 370 2408 p.
397 2366 455 2408 19)
482 2363 706 2399 mutationes
731 2364 977 2408 protulerunt,
1002 2363 1078 2398 iam
1103 2364 1151 2398 ad
1175 2364 1323 2399 irritum
1347 2365 1496 2400 cadunt.

218 2423 278 2466 61)
305 2420 358 2457 cf.
384 2421 627 2467 Kiesslingius
651 2422 676 2456 l.
702 2434 729 2456 s.
756 2434 784 2457 s.
809 2434 844 2467 p.
871 2426 951 2465 617,
977 2422 1177 2458 Muellerus
1201 2423 1225 2457 1.
1252 2435 1280 2458 s.
1308 2435 1335 2458 s.
1360 2435 1396 2468 p.
1423 2428 1502 2459 610.

217 2481 276 2524 62)
302 2479 344 2514 Ι11
362 2479 549 2515 codicibus
573 2492 656 2515 cum
681 2482 801 2516 exstet
825 2485 891 2516 aut
914 2493 1043 2516 nasum
1069 2482 1223 2516 ahenum
1247 2482 1397 2526 aliquod
1421 2486 1486 2517 aut
1511 2483 1640 2517 electus

53 2558 58 2586 j
123 2538 248 2581 (hctus
266 2537 343 2582 OD)
368 2538 511 2583 laptiles
535 2549 619 2574 cum
644 2539 815 2574 Goellero
839 2541 1147 2585 transposuerunt
1171 2544 1238 2575 aut
1262 2541 1413 2585 aliquod
1436 2552 1467 2575 v.
1489 2553 1523 2576 a.
1568 2541 1640 2576 Sed

122 2596 370 2632 consideranti
401 2597 532 2632 ceteris
563 2597 672 2632 huius
702 2597 965 2634 enuntiationis
995 2599 1170 2634 membris
1202 2611 1269 2634 sua
1292 2599 1501 2643 quibusque
1525 2599 1640 2634 verba

58 2694 61 2696 ,
122 2654 229 2690 reddi
258 2655 305 2689 ob
336 2655 455 2700 ipsam
480 2656 712 2701 repetitionis
736 2657 946 2692 molestiam
972 2658 1135 2702 (aliquod
1154 2673 1162 2693 :
1183 2659 1333 2703 aliquod
1351 2673 1359 2692 :
1380 2658 1537 2702 aliquid)
1562 2658 1641 2692 veri

124 2712 280 2748 similius
306 2714 377 2748 erit
394 2725 596 2758 pronomen
614 2714 711 2749 male
730 2715 942 2759 suppletum
961 2716 1113 2750 verbum
1132 2717 1328 2761 expulisse.
1367 2716 1473 2751 Unde
1492 2720 1639 2760 raptum

124 2771 254 2816 scripsi
277 2772 362 2808 coll.
388 2772 518 2807 Pseud.
545 2785 578 2808 v.
599 2777 667 2807 655
682 2785 752 2817 sq.:
779 2773 906 2808 Hostis
929 2775 1029 2808 vivos
1052 2786 1180 2818 rapere
1203 2776 1296 2809 soleo
1320 2786 1364 2809 ex
1388 2776 1483 2809 acie:
1506 2786 1551 2809 ex
1575 2776 1641 2810 ho'c

125 2840 255 2865 nomen
280 2831 411 2866 mihist.
463 2831 534 2866 Pol
557 2834 590 2866 te
612 2832 725 2866 multo
748 2833 865 2877 magis
888 2834 1018 2877 opinor
1041 2843 1130 2867 vasa
1154 2834 1271 2868 ahena
1294 2845 1339 2868 m:
1363 2833 1520 2868 aedibus.
1562 2833 1640 2878 (Vi-
