1904 3106
900 70 1187 111 „32-

339 176 428 217 Aut
459 176 692 218 armariola
724 177 895 231 graeca,
928 178 1003 217 aut
1035 175 1197 230 aliquid
1229 177 1400 236 semper
1430 179 1508 232 est,

340 246 464 296 Quod
495 246 661 288 deferat
692 247 904 302 dedatque
918 245 970 303 63)
1003 262 1152 289 amans
1186 249 1329 289 scorto
1363 263 1441 290 suo

278 343 378 395 apte
410 341 676 383 conveniunt
707 341 885 384 Petalae
918 342 1066 384 verba:
1097 345 1176 384 νῦν
1203 344 1249 384 δὲ
1276 345 1342 384 δεῖ
1368 343 1549 395 χρυείων
1573 344 1684 397 ἡμῖν,
1715 343 1807 397 ἱμα-

275 412 396 464 τίων,
433 412 607 465 κόεμου,
649 413 995 465 θεραπαινιδίων,
1033 414 1059 466 ἡ
1099 417 1175 455 τοῦ
1218 414 1308 466 βίου
1341 414 1536 465 διοίκηειε
1568 413 1709 456 ἅπαεα
1739 415 1806 458 ἐν·

275 486 436 525 τεῦθεν.
499 483 611 526 Tum
650 484 774 526 illum
811 484 898 526 iam
937 499 1067 538 supra
1104 484 1233 526 attuli
1266 499 1519 526 consensum
1553 499 1649 527 011111
1682 500 1806 528 versu

277 554 308 609 Ι,
339 556 380 610 2,
414 555 481 610 79,
513 556 588 598 ubi
622 570 718 597 cum
752 556 909 598 dudum
942 555 1220 612 coniecissem
1820 545 1824 548 ¹

334 649 538 692 Amantis
577 651 614 693 si
653 651 726 706 qui
763 652 851 692 11611
889 650 1070 705 danunt,
1110 665 1199 693 non
1229 649 1358 692 didici
1396 626 1630 694 baiolare
1661 651 1734 708 (cf.
1765 667 1804 708 p.

1134 723 1188 764 10
1208 721 1290 779 sq.)

275 805 522 847 confirmari
563 805 670 846 haec
710 805 819 847 mihi
860 805 1046 860 quodam
1086 805 1215 848 modo
1256 806 1350 848 visa
1389 808 1490 847 sunt
1530 806 1805 862 Alciphronis

276 877 391 918 loco:
436 877 522 927 ἐγὼ
557 878 603 918 δὲ
638 876 690 919 ἂν
723 878 776 928 μή
808 890 869 918 τι(
902 877 926 918 ὁ
959 878 1102 918 διδοὺς
1133 878 1176 931 ᾖ,
1209 878 1393 929 πεινήεω
1424 878 1474 919 τὸ
1505 877 1650 920 καλόν.
1710 877 1804 921 Iam

276 962 378 989 vero
413 948 547 990 audeo
580 948 647 989 vel
679 949 857 1003 propius
891 948 942 990 ad
975 948 1082 990 haec
1113 949 1246 991 verba
1277 948 1482 991 accedens
1511 963 1591 1003 pro
1619 949 1808 1002 fabulari

275 1032 484 1060 comcere:

333 1113 537 1156 Amantis
570 1115 606 1156 si
638 1115 710 1170 qui
741 1116 828 1156 non
860 1115 1036 1166 danunt,
1065 1140 1114 1145 —-
1143 1130 1233 1157 non
1264 1114 1392 1157 didici
1422 1115 1555 1158 fame
1585 1115 1786 1160 farciri!

275 1207 339 1252 Cf.
373 1209 561 1252 similem
591 1210 890 1252 traiectionem
920 1208 1044 1265 Capt.
1071 1226 1108 1252 v.
1128 1210 1215 1252 466
1246 1224 1372 1263 neque
1401 1211 1704 1254 ieiuniosiorem
1733 1225 1806 1254 nec

273 1282 407 1335 magis
437 1282 672 1334 ecfertum
700 1282 831 1334 fame
870 1282 965 1324 Vidi
995 1282 1182 1337 itemque
1214 1281 1359 1323 Aulul.
1391 1281 1446 1338 ΙΙ,
1476 1282 1517 1337 4,
1541 1282 1619 1324 32;
1647 1282 1804 1336 famem

276 1351 406 1393 hercle
435 1354 630 1395 utendam
660 1354 699 1396 si
728 1367 852 1408 royes,
883 1367 1097 1407 nimquam
1127 1353 1241 1395 dabit
1253 1350 1317 1409 64).

273 1468 361 1503 deas
399 1469 513 1504 etiam
552 1470 663 1505 Poen.
697 1470 760 1515 IV,
786 1474 826 1514 2,
854 1474 898 1505 40
919 1482 972 1514 sq.
1010 1469 1049 1504 in
1087 1469 1262 1515 ambiguo
1301 1469 1557 1515 obscaenoque
1593 1470 1803 1506 ludentem:

271 1526 392 1562 Facio
417 1529 513 1573 quod
537 1530 736 1573 viariufesti
759 1530 894 1564 moechi
917 1530 976 1564 hie
1000 1530 1076 1563 hau
1100 1529 1210 1572 ferme
1228 1529 1362 1564 solent.
1378 1556 1386 1563 .
1402 1529 1542 1572 πείθετο
1565 1540 1656 1564 vasa
1673 1530 1801 1574 salva).

272 1585 351 1620 Iam
378 1598 486 1622 versu
514 1589 670 1623 exeunte
698 1600 780 1623 cum
800 1589 917 1624 Italos
937 1588 1054 1623 secuti
1074 1588 1302 1624 correxerint
1320 1589 1430 1623 lectus
1448 1589 1614 1634 dapsilis,
1639 1599 1704 1623 8110
1722 1587 1802 1623 iure

274 1645 521 1691 Kiesslingius
548 1647 571 1681 l.
599 1659 627 1682 s.
655 1659 680 1683 8.
707 1660 743 1692 p.
771 1651 839 1683 620
876 1648 1031 1692 negavit
1067 1648 1137 1682 hoc
1175 1649 1306 1692 aptum
1344 1659 1423 1683 esse
1462 1648 1559 1684 lecto
1597 1647 1800 1693 epitheton.

274 1704 396 1746 Quare
435 1717 457 1740 a
490 1706 568 1742 cod.
596 1706 625 1741 Β
660 1707 845 1752 scriptura
878 1707 1066 1752 profectus
1099 1707 1236 1742 iterum
1270 1706 1426 1742 verbum
1459 1706 1657 1742 restituere
1691 1717 1802 1741 ausus

274 1776 367 1809 sum,
393 1765 555 1810 primum
581 1765 685 1801 facili
709 1766 976 1812 pronuntiandi
1001 1766 1258 1811 scribendique
1287 1777 1410 1801 errore
1437 1778 1506 1812 pro
1534 1767 1671 1811 cleptes
1694 1766 1802 1801 lectu-

273 1824 330 1858 lus
369 1824 552 1869 prodiisse
588 1826 718 1861 clectus
749 1827 926 1871 leptulus,
963 1826 1050 1861 dein
1081 1827 1239 1870 (eflectus
1273 1826 1416 1870 laptiles
1446 1825 1692 1870 depravatum
1722 1835 1802 1860 esse

272 1885 384 1919 ratus.
444 1884 597 1930 Clepere
630 1886 668 1920 et
698 1896 829 1930 rapere
860 1886 985 1920 autem
1018 1896 1101 1919 cum
1133 1884 1246 1920 etiam
1277 1884 1410 1919 Pseud.
1442 1896 1476 1919 v.
1504 1887 1572 1919 138
1604 1884 1802 1931 coniuncta

274 1942 531 1987 exhibeantur,
563 1956 637 1980 non
663 1946 700 1979 te
726 1944 849 1990 fugiet
873 1944 1040 1989 profecto
1066 1955 1178 1988 quam
1203 1943 1327 1988 lepide
1352 1942 1447 1978 talia
1469 1942 1702 1988 potissimum
1727 1954 1802 1978 me-

272 2001 449 2037 retricum
481 2003 618 2038 damna
651 2005 996 2048 commemorentur,
1035 2004 1067 2038 si
1091 2002 1265 2048 Astaphii
1296 2002 1342 2037 de
1373 2001 1668 2038 adulescentium
1691 2001 1802 2038 furtis

276 2061 490 2106 rapinisque
517 2063 801 2107 conquestiones
827 2064 868 2108 (I,
896 2068 928 2108 2,
956 2065 1085 2108 1—19)
1110 2063 1150 2097 in
1175 2061 1392 2097 memoriam
1418 2061 1657 2098 revocaveris.

368 2123 426 2165 63)
452 2121 631 2157 Italorum
658 2122 924 2158 correctionem
944 2123 1040 2168 quod
1052 2125 1181 2167 pereat
1199 2122 1391 2166 debeatque
1410 2121 1519 2165 (quod
1534 2124 1642 2165 petra
1659 2121 1800 2156 debeat-

271 2191 338 2224 que
371 2180 471 2223 libri)
503 2181 643 2227 optime
669 2181 916 2226 Kiesslingius
941 2181 1136 2224 refutavit3
1176 2181 1237 2216 sed
1266 2181 1305 2215 et
1329 2179 1429 2225 quod
1454 2179 1535 2224 ipse
1559 2179 1682 2215 voluit
1703 2180 1802 2225 quod

272 2243 417 2283 expetat
448 2245 608 2286 ematque
646 2243 684 2276 et
721 2242 819 2285 quod
857 2241 1021 2286 Buggius
1052 2240 1247 2286 proposuit
1271 2241 1294 2274 l.
1322 2252 1349 2277 8.
1376 2251 1403 2274 8.
1430 2251 1465 2284 p.
1491 2242 1560 2275 462
1592 2240 1688 2284 quod
1711 2240 1806 2274 dare

270 2298 434 2333 dehibeat
465 2310 577 2344 usque
597 2321 640 2325 —
660 2299 724 2335 ubi
749 2311 903 2345 semper.
921 2328 928 2334 .
946 2327 952 2334 .
967 2311 1079 2344 usque
1103 2310 1215 2343 quam
1239 2299 1387 2334 induxit
1411 2298 1638 2334 locutionem
1661 2308 1798 2343 nequa-

272 2369 383 2401 quam
416 2357 628 2393 defenditur
655 2358 798 2394 Curcul.
826 2360 852 2403 I,
873 2363 905 2401 3,
927 2362 971 2392 49
986 2370 1039 2402 sq.
1066 2368 1148 2402 quo
1174 2369 1285 2402 usque
1299 2385 1306 2392 .
1324 2385 1331 2392 .
1347 2385 1354 2392 .
1375 2368 1511 2403 semper
1529 2378 1573 2382 —
1594 2359 1697 2392 caret
1714 2367 1798 2402 pro-

273 2416 482 2452 babilitate.
533 2418 590 2452 Ad
617 2429 661 2452 ca
686 2429 780 2462 quae
805 2417 951 2452 restitui
978 2416 1023 2453 cf.
1051 2416 1181 2451 Pseud.
1206 2428 1241 2453 v.
1268 2420 1353 2451 259:
1385 2416 1471 2451 Heu
1493 2416 1579 2459 heu,
1603 2427 1712 2462 quam
1736 2426 1798 2462 eqo

270 2476 377 2511 malis
405 2476 558 2520 perdidi
590 2477 722 2518 modis,
763 2477 867 2522 Quod
898 2477 967 2511 tibi
996 2476 1141 2511 detuli
1171 2479 1210 2510 et
1235 2476 1348 2520 quod
1371 2476 1483 2511 decli.
1539 2476 1591 2511 Ut
1614 2479 1724 2521 petra
1754 2486 1798 2510 ex

273 2536 425 2579 deferat,
450 2534 505 2570 ita
530 2535 575 2579 II,
602 2540 634 2580 2,
661 2540 706 2570 24
732 2547 777 2570 ex
802 2536 888 2570 dari
914 2536 973 2579 (A)
999 2533 1139 2569 factum
1166 2535 1223 2568 est
1244 2534 1350 2578 patri
1372 2534 1412 2569 in
1435 2533 1627 2579 Palatinis,
1653 2533 1732 2570 sim.

369 2596 427 2638 64)
455 2593 507 2629 Cf.
536 2594 650 2629 Stich.
678 2607 711 2629 v.
741 2599 806 2629 163
828 2606 880 2638 sq.
926 2593 1097 2628 Ceterum
1122 2597 1165 2628 ut
1188 2592 1246 2627 his
1271 2593 1392 2628 verbis
1418 2592 1655 2638 Astaphium,
1678 2593 1735 2628 ita
1757 2592 1798 2628 in

271 2653 445 2688 Asinaria
478 2652 672 2688 Cleaereta
705 2653 938 2688 meretricem
977 2651 1054 2686 sine
1092 2651 1198 2686 donis
1236 2650 1405 2696 datisque
1436 2652 1642 2687 amantium
1673 2651 1798 2688 vivere

274 2724 347 2748 non
373 2724 481 2758 posse
506 2712 686 2756 inculcat,
718 2712 823 2747 velut
846 2724 879 2746 v.
907 2715 973 2746 521
997 2722 1094 2755 sqq.,
1126 2710 1190 2745 ubi
1221 2710 1285 2754 qui
1317 2710 1522 2746 orationem
1553 2704 1631 2746 eius
1656 2710 1799 2746 claudit

272 2783 416 2807 versus:

486 2819 554 2854 Hic
581 2819 658 2854 dies
684 2819 868 2854 summust
893 2817 989 2862 apud
1016 2828 1076 2851 me
1101 2816 1250 2861 inopiae
1275 2816 1526 2862 excusatio,
