1904 3106
647 788 794 819 CAPVT
828 789 1015 819 PRIMVM.

317 897 344 948 ξ
380 896 415 937 1.
475 895 546 937 De
578 895 754 938 codice
785 895 813 938 J
845 894 1010 937 Musei
1042 895 1347 938 Britannici.

186 989 304 1032 Inter
334 988 499 1031 codices
531 989 755 1032 Plautinos
788 990 914 1046 longe
952 990 1164 1031 maximus
1203 1004 1404 1032 numerus
1444 1005 1591 1032 eorum

69 1063 135 1103 est
164 1059 236 1115 qui
267 1059 430 1115 priores
462 1063 560 1103 octo
592 1064 763 1103 tantum
794 1060 965 1103 fabulas
997 1061 1212 1115 exhibent,
1244 1075 1426 1116 quorum
1459 1061 1587 1116 pleri-

67 1145 149 1186 que
179 1130 395 1186 pertinent
425 1131 478 1173 ad
511 1131 727 1173 saeculum
760 1130 854 1185 XV,
885 1131 1083 1173 nonnulli
1115 1131 1168 1173 ad
1199 1130 1316 1186 XIV,
1354 1146 1464 1174 unus
1497 1146 1588 1174 sae-

67 1202 164 1246 culo
182 1201 245 1244 XI
270 1201 521 1244 tribuendus
548 1205 632 1255 est3
664 1202 785 1258 isque
810 1206 990 1258 propter
1014 1203 1303 1244 venerabilem
1328 1205 1588 1245 vetustatem

64 1273 260 1328 inprimis
297 1272 451 1327 dignus
489 1275 555 1314 est
586 1288 711 1328 quem
748 1273 997 1329 diligentius
1028 1277 1344 1329 perscrutemur
1358 1273 1402 1330 ¹).
1464 1274 1586 1324 Quod

65 1342 94 1385 J
125 1343 271 1386 littera
302 1341 588 1398 designamus,
619 1344 863 1399 exemplum
883 1344 1090 1387 Friderici
1107 1344 1336 1387 Ritschelii
1370 1345 1589 1400 sequimur

65 1414 138 1470 qui
173 1413 342 1469 Proleg.
379 1428 420 1468 p.
456 1412 554 1455 XLI
598 1414 649 1456 de
687 1415 778 1456 eius
817 1415 1076 1458 auctoritate
1118 1416 1224 1458 haec
1269 1416 1587 1471 pronuntiavit:

66 1483 299 1527 ‘Mutatum
334 1484 578 1526 fabularum
617 1485 810 1528 ordinem
850 1489 996 1528 secuta
1034 1490 1098 1528 est
1136 1487 1365 1529 earundem
1403 1487 1448 1529 in
1479 1487 1584 1529 duas

66 1559 210 1611 partes
229 1554 469 1610 dirempti0‚
487 1570 667 1610 quarum
689 1557 825 1598 altera
850 1558 906 1598 ab
927 1557 1246 1612 Amphitruone
1272 1557 1325 1599 ad
1344 1556 1588 1612 Epidicum,

66 1641 92 1669 a
121 1625 406 1669 Bacchidibus
438 1626 492 1667 ad
522 1625 829 1669 Truculentum
862 1628 998 1669 altera
1028 1628 1274 1682 pertineret.
1318 1627 1384 1669 Ex
1416 1628 1585 1670 illarum

66 1697 210 1739 codice
242 1700 266 1738 δ
298 1696 518 1752 repetendi
549 1696 586 1738 B
614 1701 658 1738 et
676 1697 729 1751 D,
760 1713 940 1753 quorum
972 1699 1096 1740 binas
1128 1702 1274 1753 partes
1305 1713 1355 1740 ex
1382 1699 1443 1740 eis
1475 1714 1584 1754 quae

67 1782 198 1822 supra
227 1767 451 1809 attulimus
471 1766 739 1823 intellegitur
759 1783 951 1811 seorsum
972 1769 1154 1824 scriptas
1187 1784 1298 1811 esse:
1331 1770 1584 1824 repetendus

65 1861 107 1916 J,
131 1862 206 1917 qui
231 1865 297 1903 est
322 1862 672 1904 membranaceus
693 1862 830 1904 Musei
855 1863 1094 1906 Britannici
1113 1838 1231 1932 &5
1261 1864 1420 1906 rectius
1440 1868 1583 1906 autem

65 1958 115 1997 ut
132 1956 285 2011 opinor
303 1955 525 1998 undecimo
545 1971 674 2011 quam
692 1957 856 1999 decimo
877 1958 1048 2000 saeculo
1074 1958 1299 2000 tribuitur:
1331 1959 1585 2013 repetendus

66 2025 247 2082 denique
278 2026 315 2068 is
336 2025 408 2082 (ζ),
427 2027 500 2082 qui
530 2028 630 2069 fons
655 2028 822 2070 exstitit
846 2029 1107 2084 reliquorum
1140 2032 1235 2072 octo
1268 2029 1438 2072 fabulas
1471 2045 1582 2072 com-

65 2096 362 2153 plectentium,
406 2099 575 2141 saeculo
620 2102 763 2140 autem
803 2099 919 2140 XIV.
955 2100 1022 2140 vel
1060 2100 1154 2141 XV.
1196 2100 1454 2155 scriptorum
1494 2101 1583 2143 fere

65 2168 274 2210 omnium:
306 2183 488 2223 quorum
521 2169 601 2211 etsi
633 2169 886 2225 pergrandis
918 2184 1119 2212 numerus
1153 2173 1230 2224 est,
1260 2173 1406 2213 tamen
1436 2172 1583 2214 nullus

65 2237 134 2279 vel
165 2252 215 2279 ex
232 2237 282 2325 B
314 2239 382 2280 vel
414 2254 463 2281 ex
496 2239 535 2281 D
567 2239 634 2281 vel
665 2254 715 2282 ex
746 2240 775 2282 J
806 2240 1028 2283 manavit'.

164 2366 197 2410 1)
223 2365 276 2402 Cf.
295 2366 542 2411 Hildyardum
562 2366 717 2412 praefat..
737 2367 860 2402 Aulul.
882 2380 915 2412 p.
930 2368 997 2403 XV
1017 2372 1055 2404 et
1074 2369 1301 2415 Wagnerum
1321 2382 1356 2415 p.
1371 2371 1433 2405 111.
1459 2371 1582 2407 Habet

67 2424 184 2460 codex
202 2424 293 2459 folia
306 2429 384 2461 194.
417 2425 590 2461 Continet
609 2426 835 2462 Tusculanas
853 2426 1135 2472 disputationes
1160 2429 1275 2464 libros
1300 2429 1346 2464 de
1368 2428 1581 2465 inventione

65 2482 261 2527 rhetorica,
286 2483 485 2519 Rhetorica
509 2484 558 2519 ad
574 2484 818 2528 Herennium;
843 2485 997 2522 Plautus
1014 2486 1148 2532 incipit
1166 2498 1189 2522 a
1206 2487 1270 2523 fol.
1287 2492 1364 2523 113.
1404 2487 1580 2533 Singulae

64 2540 212 2576 fabulae
237 2541 292 2576 ita
316 2543 402 2576 sunt
425 2541 661 2578 distributae:
686 2543 910 2588 Amphitruo
935 2544 998 2580 fol.
1028 2549 1261 2589 113—127·;
1294 2546 1465 2582 Asinaria
1494 2546 1580 2581 127b

67 2602 217 2643 ——13923
243 2599 435 2636 Aulularia
455 2600 696 2645 139b—l491’3
723 2601 870 2647 Captivi
885 2606 1125 2647 1502—16223
1151 2602 1322 2640 Curculio
1338 2604 1581 2648 16212—170'23

66 2655 197 2693 Casina
223 2657 465 2701 171⁸—180b·
491 2658 701 2695 Cistellaria
729 2665 968 2704 1812—18623
994 2661 1170 2707 Epidicus
1200 2662 1432 2699 18611—1942.
1476 2663 1580 2699 Cete-

65 2727 147 2750 rum
171 2716 395 2751 monendum
420 2716 504 2752 est'
493 2728 568 2752 iam
582 2717 791 2754 Bentleium
810 2719 879 2754 hoc
899 2719 1026 2756 codice
1044 2732 1150 2756 usum
1171 2732 1248 2756 esse
1270 2724 1307 2756 et
1327 2721 1374 2756 ad
1394 2721 1578 2757 decimum

64 2784 148 2808 eum
174 2773 343 2810 retulisse
368 2775 571 2817 saeculum
597 2776 642 2810 cf.
668 2771 746 2812 eius
771 2777 1047 2813 adnotationem
1072 2779 1119 2814 ad
1146 2779 1292 2816 Terent.
1319 2779 1548 2816 Hautontim.
1566 2782 1577 2816 l

69 2836 100 2876 1,
124 2836 170 2868 ‘20
195 2835 242 2876 (v.
268 2832 444 2877 Wagner-i
469 2834 738 2879 praefationem
762 2848 798 2882 p.
824 2835 900 2881 lV).
