1904 3106
708 118 998 161 ..77-

94 239 242 269 vocem
273 225 340 268 bis
371 225 556 280 positam
589 225 826 268 defendisse
857 224 929 280 (cf.
961 225 1007 268 Τ.
1038 224 1227 267 Maecius
1259 224 1438 266 Plautus
1469 239 1508 279 p.
1532 225 1612 266 117
1691 256 1694 259 -

96 295 195 354 sq.);
225 298 297 353 qui
329 297 448 340 locus
479 297 578 339 talis
610 299 678 339 est
708 297 751 338 in
783 295 819 338 B
851 295 1043 351 (omissis
1075 295 1243 351 pusillis
1275 294 1615 350 discrepantiis):

694 390 805 433 sitne
837 390 939 446 quid
970 405 1101 433 necue
1134 390 1191 432 sit

307 460 422 504 Scire
454 461 592 516 cupio.
653 459 806 503 Chaer.
837 461 919 504 Per
949 462 1071 504 illam
1102 460 1184 502 tibi
1216 461 1385 516 copiam

306 530 488 588 Copiam
531 532 612 575 tibi
655 546 806 587 parare
843 532 974 575 aliam
1012 532 1127 574 lieet.
1188 531 1301 573 scivi
1332 531 1527 587 equidem
1570 533 1613 574 in

941 603 1155 658 principio
1188 603 1288 645 ilico

303 673 478 717 Nullam
530 674 612 716 tibi
655 689 748 716 esse
792 675 836 717 in
880 675 957 717 illo
1001 674 1182 730 copiam.
1273 672 1403 717 Strat.
1464 675 1613 718 Interii

943 746 1086 788 hercle
1117 759 1198 801 ego

93 827 228 870 Deest
255 828 469 883 posterius
506 828 580 870 tibi
609 826 786 884 (copiam
817 827 908 883 ΐῶὓ
939 827 984 869 in
1013 826 1054 870 J.
1109 827 1258 871 Verba
1290 831 1434 871 autem
1460 842 1615 882 parare

92 932 222 942 .....
246 899 340 942 ilico
376 901 466 941 tam
500 898 611 940 bene
648 899 908 941 conveniunt
946 913 1125 941 numero
1162 899 1401 954 trochaico,
1439 902 1488 942 ut
1518 899 1615 942 inde

92 970 278 1026 suspitio
316 970 481 1012 oriatur
516 958 686 1011 initium
724 969 869 1025 potius
908 984 1038 1025 quam
1076 970 1204 1011 finem
1241 971 1464 1013 turbatum
1509 985 1612 1015 esse.

94 1040 206 1091 Quid
243 1044 386 1084 autem
424 1041 661 1095 simplicius
698 1043 843 1095 potest
879 1040 1062 1096 eogitari
1094 1055 1223 1096 quam
1254 1056 1332 1096 pro
1363 1042 1523 1096 copiam
1554 1032 1613 1084 ἑο-

85 1111 207 1164 piam
228 1125 384 1165 parare
414 1111 686 1154 scribendum
718 1125 810 1153 esse
841 1113 998 1165 anaia-m
1029 1111 1295 1164 cmnparare?
1349 1111 1470 1154 Unde
1502 1114 1613 1155 tales

92 1184 198 1236 puto
230 1181 396 1224 dedisse
425 1181 628 1224 Plautum
661 1197 829 1225 versus:

656 1264 779 1307 Sitne
810 1265 912 1320 quid
941 1266 1075 1308 neone
1106 1266 1165 1307 sit

303 1333 419 1377 Scire
450 1335 588 1390 cupio.
650 1334 862 1378 CHAER„
894 1336 975 1378 Per
1005 1337 1127 1378 illam
1157 1337 1240 1378 tibi
1272 1338 1438 1392 copiam

304 1404 564 1462 Comparare
602 1407 732 1449 alissm
768 1407 888 1450 licet.
932 1407 1038 1449 scivi
1077 1407 1275 1463 equidem
1315 1408 1360 1450 in
1398 1409 1612 1464 principio

939 1478 1044 1521 ilico

303 1546 481 1591 Nullam
518 1548 597 1591 tibi
635 1563 727 1590 esse
766 1549 811 1590 in
849 1548 931 1591 lllo
970 1550 1151 1604 copiam.
1222 1548 1419 1591 STRAT.
1463 1539 1612 1592 [nterii

939 1620 1081 1662 hercle
1113 1633 1193 1676 ego
1227 1620 1437 1676 [6ppido].

210 1710 250 1754 V
285 1713 322 1767 1,
351 1713 410 1755 43
441 1713 506 1756 ita
536 1712 671 1755 edidit
688 1712 963 1768 ,Geppertusz

304 1805 443 1856 Quid?
474 1819 555 1862 ego
579 1806 707 1849 modo
732 1806 832 1849 huie
856 1806 992 1850 frater
1014 1807 1155 1850 factus
1182 1822 1290 1863 sum,
1315 1809 1416 1852 dum
1442 1811 1612 1853 introeo

939 1882 1066 1934 atque
1097 1877 1235 1922 exeo?

58 1973 62 1977 ·
91 1956 214 2000 hiatu
242 1959 514 2015 turpissim03
545 1960 598 2003 cf.
617 1959 799 2002 Mueller
817 1960 973 2004 ‘.Plaut
992 1961 1127 2004 Pros?
1148 1977 1190 2017 p.
1210 1963 1307 2005 713.
1338 1963 1390 2005 In
1412 1963 1441 2005 J
1462 1978 1610 2006 versus

90 2029 155 2071 ita
184 2029 288 2072 exit.
320 2028 438 2072 ‘dum
469 2044 550 2086 ego
581 2031 748 2074 introeo
780 2034 908 2086 atque
939 2031 1070 2075 exeo'.
1102 2030 1280 2075 Conieio
1307 2037 1453 2076 autem
1477 2035 1610 2077 talem

94 2097 199 2141 olim
229 2098 360 2141 fuisse
391 2114 579 2143 versum:

304 2193 443 2244 Quid?
486 2209 567 2251 ego
603 2195 732 2239 modo
770 2211 865 2238 sum
902 2197 1002 2239 huic
1037 2197 1174 2240 frater
1204 2198 1356 2254 faetus,
1394 2199 1496 2242 dum
1529 2214 1608 2256 ego

939 2282 990 2311 eo
1021 2268 1135 2311 intro
1167 2272 1296 2324 atque
1328 2271 1463 2312 exeo?

91 2343 196 2387 Sum
225 2348 324 2400 post
353 2348 470 2390 modo
502 2347 646 2391 addidi
677 2363 775 2405 ego,
806 2348 1079 2393 Camerarius
1110 2355 1210 2406 post
1238 2352 1375 2404 factm·
1387 2352 1449 2408 ¹⁰).

192 2462 249 2506 10)
274 2461 325 2496 111
350 2466 383 2507 3,
408 2466 452 2498 27
478 2463 508 2498 B
533 2463 748 2500 lacunosum
772 2466 929 2511 praebet
953 2467 1050 2502 hunc
1075 2478 1239 2503 versum·

372 2554 515 2592 Iadudu
541 2568 580 2593 se
605 2558 700 2594 alius
725 2525 922 2605 ιιὶῖἒέὖῗκ]
944 2560 1004 2595 hic
1030 2551 1158 2596 filium.

0 2635 3 2666 ᾗ
91 2610 229 2647 Contra
251 2611 292 2647 J.

373 2672 593 2709 Iamdudum
617 2685 656 2711 se
680 2675 777 2712 alius
801 2679 906 2713 tumn
931 2677 1067 2714 uidisse
1093 2678 1154 2714 hic
1179 2679 1307 2714 filium.

0 2775 6 2788 ζ
93 2728 143 2782 11!
167 2733 202 2773 3,
227 2734 271 2765 33
296 2730 335 2765 in
359 2731 381 2765 J
405 2731 492 2767 talis
516 2735 589 2769 estx

0 2803 10 2835 [a.
373 2784 507 2825 Mirum
531 2791 602 2827 hoc
626 2791 691 2836 qui
714 2793 839 2838 potuit
862 2793 942 2829 fieri
966 2805 997 2830 e.
1023 2806 1057 2838 q.
1085 2805 1112 2831 s.

0 2888 6 2906 ι
92 2845 204 2891 idque
228 2849 345 2891 recte3
372 2847 401 2882 B
425 2849 490 2884 hoc
513 2850 610 2894 quod
634 2850 794 2886 exhibet.
