1904 3106
679 144 971 187 -97-

70 263 114 295 19
256 261 1337 302 PLEBIQ·K0mNESQUOSCUMNIKILBEFERTPUDET

95 333 112 364 1
258 315 1195 364 UBIPUDENDUMES'TIBIEOSDESERITPUDOR

95 403 117 435 2
359 404 881 449 quouususru'rpunm'r

97 475 117 505 3
262 474 1252 517 164οΕοΤυΕερυιΒΕεΤρυοῡΡυῡΕΝ9111161161

97 545 119 576 4
261 537 1061 589 GnNERENATAMflONOPAREMDonun
1124 545 1365 576 PAUPEREM

99 617 120 648 5
363 617 800 662 nocuusmmgoussu

99 687 121 719 6
141 674 1542 733 PRAESERTmEAuQnAE&micon-immoni}sxANoQuAEDonos'r

102 758 120 790 7
807 758 1257 804 ῈῐιῐΑΜΡΒοθΝᾼΤΑΜ

77 842 246 884 Primus
267 857 412 884 versus
432 842 593 885 claudit
612 843 834 898 paginam3
865 857 974 884 nova
994 842 1147 897 incipit
1165 843 1220 885 ab
1241 842 1331 884 ‘ubi
1350 841 1594 897 pudendum

80 912 180 956 est’.
240 912 379 956 Versu
410 914 438 954 4
470 927 690 967 pauperem
727 917 971 956 correctura
1007 916 1075 955 est
1109 913 1225 956 vocis
1256 927 1403 967 parem
1434 913 1479 954 in
1511 913 1595 954 fine

81 997 211 1024 manu
229 982 251 1024 I
270 983 485 1027 adnotata.
517 983 669 1027 Obiter
693 985 899 1027 iudicanti
926 985 1073 1026 omnia
1095 987 1210 1026 recte
1236 998 1282 1025 se
1306 983 1466 1026 habere
1484 983 1598 1026 vide-

79 1056 252 1110 buntur,
283 1070 379 1097 cum
397 1056 538 1098 verbis
571 1055 662 1097 ‘ubi
692 1055 935 1110 pudendum
961 1058 1027 1097 est
1056 1055 1119 1097 ibi
1150 1069 1224 1097 eos
1256 1054 1415 1096 deserit
1445 1053 1599 1110 pudor'

82 1141 257 1181 prorsus
300 1127 587 1181 respondeant
629 1127 752 1168 haec:
802 1126 978 1182 ‘genere
1019 1128 1166 1168 natam
1210 1126 1323 1168 bono
1368 1139 1600 1180 pauperem

83 1196 257 1240 domum
268 1196 295 1252 '‚
325 1212 471 1241 versus
503 1198 530 1239 2
562 1200 706 1239 autem
738 1198 880 1239 versui
911 1198 951 1239 ἴ).
1006 1196 1268 1252 Diligentius
1300 1198 1446 1238 tamen
1476 1210 1600 1251 repu-

83 1267 196 1310 tanti
230 1270 325 1310 tota
359 1268 464 1310 haec
503 1268 737 1310 artificiosa
774 1269 929 1310 divisio
968 1268 1140 1310 corruit.
1201 1267 1455 1309 Rectissime
1487 1267 1602 1308 em'm

86 1337 375 1394 Kiesslingius
412 1337 522 1380 Mus.
559 1338 696 1380 Rhen.
734 1339 816 1381 vol.
849 1339 905 1380 24
942 1337 998 1393 (a.
1034 1339 1166 1393 1869)
1202 1354 1244 1393 p.
1279 1339 1361 1380 119
1401 1337 1602 1392 ‘ubi,pu-

87 1407 269 1449 dendum
313 1407 399 1450 est'
437 1410 481 1449 et
517 1408 667 1463 ‘quom
704 1412 829 1450 usust
864 1412 913 1451 ut
949 1408 1130 1464 pudeat'
1170 1409 1299 1450 simul
1334 1408 1439 1451 ferri
1476 1423 1604 1464 posse

87 1478 275 1534 negavit,
305 1493 401 1520 cum
434 1479 617 1520 alterum
649 1493 726 1534 pro
759 1479 896 1522 altero
927 1480 1030 1534 poni
1060 1493 1139 1522 nec
1171 1482 1355 1521 metrum
1379 1482 1498 1521 vetet
1526 1493 1605 1521 nec

89 1549 312 1592 sententia.
355 1548 538 1591 Videtur
563 1552 705 1591 autem
731 1550 820 1592 ‘ubi
852 1549 1095 1605 pudendum
1126 1549 1207 1591 est'
1240 1550 1360 1591 varia
1391 1550 1607 1604 scriptura

90 1634 196 1674 esse,
221 1634 329 1675 quae
355 1620 526 1662 aliunde
551 1620 710 1662 hausta
734 1623 862 1676 atque
887 1620 932 1661 in
962 1620 1156 1675 margine
1186 1620 1255 1662 vel
1282 1635 1413 1675 supra
1437 1635 1607 1662 versum

91 1690 295 1732 adnotata
324 1693 474 1744 postea
507 1691 551 1732 in
584 1691 811 1733 verborum
842 1691 1016 1745 irrepsit
1046 1691 1387 1734 continuitatem.
1426 1691 1520 1741 Qua
1539 1706 1607 1732 ex-

91 1761 218 1815 pulsa
253 1763 298 1803 et
326 1761 591 1817 transposita
629 1765 664 1803 te
700 1761 852 1804 vocula
889 1761 1065 1817 elegans
1098 1761 1243 1804 evadit
1273 1776 1473 1804 versuum
1503 1762 1610 1804 haec

94 1831 363 1874 distributio:

152 1914 352 1970 Plerique
376 1914 572 1956 homines
598 1916 718 1970 quos,
742 1930 871 1971 quom
896 1915 959 1957 nil
984 1915 1129 1970 refert,
1154 1915 1303 1970 pudet,
1335 1930 1464 1971 quom
1489 1916 1613 1957 usust

1224 1988 1272 2028 ut
1302 1986 1504 2041 pudeant,

156 2032 222 2084 ibi
254 2057 327 2085 eos
359 2043 519 2085 deserit
540 2044 685 2098 pudor
699 2041 747 2099 ²).

251 2169 258 2173 ἡ
311 2102 355 2155 Ῐ6
387 2113 493 2156 adeo
523 2116 569 2156 tu
601 2111 673 2157 ess
719 2113 829 2164 Quid
860 2117 928 2157 est
957 2116 1069 2171 quod
1101 2115 1346 2169 pudendum
1378 2116 1460 2157 siet

310 2183 473 2226 Genere
503 2186 651 2227 natam
681 2186 796 2228 bono
827 2189 1059 2240 pauperem
1090 2187 1135 2227 te
1166 2186 1339 2228 domum

311 2254 476 2296 Ducere
507 2256 694 2310 uxorem,
724 2257 974 2310 praesertim
1007 2271 1114 2311 eam,
1145 2271 1229 2310 qua
1258 2257 1309 2297 ex
1338 2256 1420 2298 tibi

421 2322 739 2368 Commemores
769 2326 882 2368 hanc
912 2328 1021 2382 quae
1053 2327 1213 2369 domist

418 2394 581 2437 Fssiam
611 2396 899 2451 prognatam?

197 2512 233 2556 2)
258 2510 437 2546 lambiens
461 2511 622 2546 senarios
646 2511 891 2557 Kiesslingius
916 2512 1086 2548 discribit
1107 2513 1234 2548 hosce:

315 2568 486 2614 PlerIque
508 2571 687 2606 homones
712 2573 803 2615 quos
828 2582 940 2615 quom
963 2571 1018 2606 nil
1042 2571 1156 2607 refert
1180 2572 1312 2617 pudet,

318 2626 436 2670 Quom
460 2629 565 2663 usust
587 2629 631 2663 ut
654 2629 809 2673 pudeat,
835 2629 886 2664 ibi
912 2641 974 2666 eos
999 2630 1136 2666 deserit
1159 2630 1288 2675 pudor.

107 2686 350 2722 Trochaicum
374 2685 604 2722 octonarium
629 2698 707 2722 esse
732 2687 892 2732 primum
916 2699 1061 2724 versum
1081 2688 1221 2723 dudum
1240 2688 1372 2723 statuit
1390 2688 1622 2723 Hermannus

107 2744 224 2780 Elem.
249 2745 363 2781 doctr.
389 2746 495 2779 metr.
520 2757 555 2790 p.
583 2748 662 2789 315,
687 2755 806 2780 omnes
828 2747 914 2790 post
931 2747 1096 2791 plerique
1119 2746 1290 2781 inserens.
1340 2744 1436 2779 Mira
1460 2745 1622 2790 protule-

108 2804 197 2838 runt
226 2802 393 2838 Crainius
423 2803 463 2838 in
491 2802 592 2838 Diar.
618 2815 742 2848 gymn.
767 2803 840 2838 vol.
865 2804 933 2838 XX
958 2805 1005 2849 (a.
1034 2807 1138 2849 1866)
1169 2817 1205 2849 p.
1232 2807 1300 2839 483
1333 2806 1372 2838 et
1402 2803 1624 2850 Spengelius

113 2860 171 2897 Ὗ.
185 2860 347 2896 Maccius
361 2859 527 2896 Plautus'
545 2874 578 2906 p.
597 2866 672 2897 166.
694 2863 859 2906 pudeant
879 2863 1007 2907 scripsi
1028 2875 1109 2897 cum
1130 2862 1277 2897 Laehm.
1300 2862 1348 2896 ad
1367 2862 1473 2907 Prop.
1495 2875 1528 2908 p.
1547 2867 1623 2898 155.

181 2925 329 2952 Annect-
346 2926 443 2953 mant.
1328 2936 1336 2955 a

226 3071 234 3090 ἱ
