1904 3106
874 121 1197 165 —206—

444 228 645 285 Exsurge
676 243 850 285 praeco:
890 229 959 271 fac
989 230 1150 285 populo
1183 229 1458 272 audientiam.

445 299 700 342 Iamdudum
734 303 954 355 exspecto,
987 299 1027 342 ss
1054 304 1175 343 tuom
1207 300 1396 342 officium
1427 300 1556 342 scias:

442 371 609 414 Exerce
639 385 800 426 uocem,
832 372 962 426 quam
993 386 1071 426 per
1101 371 1298 427 uiuisque
1332 372 1374 413 et
1404 372 1537 426 uales,

445 442 559 484 Nam
590 441 675 484 nisi
708 442 936 497 elamabis,
967 443 1150 484 tacitum
1180 445 1223 484 te
1255 443 1434 498 obrepet
1463 443 1612 485 fames.

266 525 317 567 In
344 525 528 580 septimo
554 526 663 568 vales
690 540 714 567 a
735 524 955 580 Gepperto
981 524 1235 580 profectum,
1266 525 1365 568 colis
1391 525 1558 568 codices
1583 526 1799 568 exhibent.

270 595 448 640 Conicio
485 597 618 639 exerce
654 610 809 651 uocem,
853 595 977 650 qudm
1010 610 1088 650 per
1124 597 1313 650 uiuisque
1348 596 1387 638 e't
1415 597 1551 639 cluis.
1611 597 1799 640 Octavus

269 671 432 723 autem,
471 668 543 723 qui
576 670 642 710 est
672 668 903 710 verborum
943 682 1052 723 quae
1093 656 1352 723 praecedunt
1387 681 1524 710 uocem
1568 681 1694 721 quam
1722 682 1801 722 per

268 739 380 782 uiuis
412 739 866 794 interpretamentum,
897 738 1125 781 eiciendus.

390 809 556 852 Ibidem
588 826 626 853 v.
663 811 733 852 14:

579 880 662 931 Qui
693 882 781 933 non
814 881 983 935 edistis,
1015 881 1154 923 saturi
1185 880 1259 922 fite
1290 879 1499 922 fabulis.

268 951 406 994 Lusus
440 955 505 994 est
536 952 847 994 vocabulorum
875 951 1041 1005 fribulae
1075 954 1119 994 et
1147 951 1324 1005 fribulae.

392 1022 424 1075 I,
457 1024 495 1075 2,
529 1024 604 1065 22:

304 1094 419 1137 Nam
453 1109 560 1150 quae
594 1094 714 1136 lauta
746 1097 824 1150 est,
854 1094 940 1136 nisi
971 1094 1167 1150 perculta
1198 1096 1277 1148 est,
1307 1107 1404 1136 meo
1430 1092 1602 1148 quidem
1627 1091 1771 1135 animo
1799 1104 1802 1106 ·

844 1165 967 1221 quasi
998 1165 1274 1221 inquinata
1305 1167 1383 1207 est.

272 1235 343 1279 Sic
381 1236 644 1293 Geppertus,
688 1252 784 1280 cum
822 1237 939 1279 codd.
971 1237 1128 1279 inlusta
1164 1236 1233 1278 vel
1270 1236 1428 1278 iniusta
1465 1249 1544 1290 pro
1581 1234 1803 1288 inquinata

272 1307 518 1350 exhibeant.
574 1307 672 1363 Ego
698 1308 820 1362 quasi
851 1306 973 1348 deleo
1002 1309 1046 1348 et
1071 1306 1132 1348 sic
1158 1306 1346 1360 corrigo:
1377 1304 1479 1347 mim
1503 1319 1607 1359 quae
1637 1305 1803 1359 tantast,

271 1379 357 1422 ‘nisi
386 1379 629 1434 percultast,
672 1379 758 1421 mc'o
798 1379 958 1432 quidem
996 1377 1136 1419 animo
1167 1376 1389 1418 inlzitast.
1454 1374 1575 1418 Infra
1612 1376 1802 1419 eiusdem

273 1464 453 1493 scaenae
486 1465 523 1492 v.
560 1450 642 1492 103
673 1450 897 1492 inlutis-*in
928 1448 965 1490 B
998 1451 1074 1498 est.

394 1520 433 1563 V
442 1555 453 1576 ‚
484 1521 530 1575 5,
563 1521 638 1562 22:

338 1591 440 1634 Non
470 1591 603 1646 pudet
633 1591 823 1645 puellam
856 1590 1119 1646 amplexarei
1151 1589 1382 1632 baiolum
1414 1588 1460 1631 in
1490 1587 1633 1631 media
1663 1587 1738 1630 uia

273 1663 325 1704 In
351 1662 564 1705 decurtati
590 1662 805 1717 scriptura
830 1662 1025 1704 baliolum
1050 1661 1158 1703 latet
1184 1661 1391 1703 baiiolwm.
1433 1658 1637 1703 Ceterum
1661 1659 1800 1714 baiol-,

271 1749 360 1777 non
391 1734 521 1776 baiul-
553 1733 726 1789 glossae
751 1736 928 1776 nostrae
954 1747 1070 1775 mere
1099 1732 1262 1775 latinae
1295 1746 1461 1774 omnes:
1519 1743 1522 1745 ’

490 1816 709 1859 baiolus:
726 1816 900 1870 9erolm,
924 1818 1115 1869 portator

418 1885 498 1921 cod.
526 1883 718 1920 Leidensis
746 1884 851 1920 6’7]Ξ“1
876 1884 901 1919 f.
931 1887 1040 1919 10va.
1091 1883 1209 1918 Huius
1235 1894 1322 1929 pars
1346 1883 1412 1919 sit:

499 1946 719 1988 baiolus:
736 1946 897 2000 yerolus

421 2015 572 2051 uberior
599 2014 768 2050 ‘abavus'
797 2014 1005 2060 glossarum
1030 2013 1221 2061 memoria,
1240 2013 1346 2048 velut
1370 2011 1574 2048 Vossianus
1598 2011 1678 2046 Fol.
1698 2015 1743 2046 82
1769 2012 1808 2046 ct

426 2074 690 2111 Christinensis
715 2078 796 2110 312.

495 2135 908 2189 baiolus:p0rtitor

423 2203 502 2240 cod.
538 2204 731 2240 Leidensis
770 2208 813 2240 67
832 2204 861 2239 Ε
887 2204 910 2239 f.
940 2207 1045 2238 lora.
1106 2203 1160 2238 De
1191 2203 1353 2248 portitor
1378 2202 1498 2237 forma
1522 2201 1631 2247 plura
1661 2211 1681 2236 e
1707 2200 1806 2247 glos·

424 2264 532 2299 sariis
559 2263 658 2299 alibi.

495 2324 684 2366 baiolo:
697 2327 818 2377 porto

424 2393 522 2429 idem
551 2393 575 2428 f.
603 2395 695 2428 9Vb.

496 2454 769 2496 baiolator:
782 2456 987 2507 portator,
1020 2452 1225 2494 laborator

426 2523 505 2558 cod.
539 2522 829 2568 Amplonianus³
860 2535 894 2567 p.
921 2526 1020 2556 279a
1047 2525 1107 2556 13:
1139 2533 1161 2556 a
1185 2520 1395 2566 fragmento
1426 2519 1661 2566 Deycksiano
1690 2517 1807 2556 abest.

427 2579 624 2617 Translata
656 2582 712 2616 est
744 2581 838 2616 haec
869 2581 994 2625 glossa
1020 2592 1039 2615 e
1074 2579 1257 2625 ‘Cyrillo'
1291 2591 1326 2624 p.
1353 2583 1439 2624 409,
1473 2583 1533 2615 11:
1572 2576 1806 2626 βαστακτήςτ

427 2641 664 2677 baiolator.

403 2701 443 2743 V
495 2702 523 2743 5
601 2701 646 2742 O:

392 2701 643 2820 Lu‚bet‚‘?3ss‡
682 2772 746 2813 ita
777 2771 883 2813 dico,
921 2776 963 2818 :uz
1002 2769 1188 2826 ligula,
1220 2771 1233 2811 i
1267 2770 1312 2811 in
1343 2769 1501 2811 malam
1533 2784 1700 2812 crucem

287 2843 383 2886 Huc
412 2843 552 2884 refero
585 2843 774 2898 glossam
806 2842 1030 2883 ineditam:
