1904 3106
677 126 1000 194 ...115-

207 285 219 288 ,
292 235 338 282 Si
368 238 414 281 in
445 235 623 294 singulis
656 236 883 292 stipendiis
915 235 970 278 ad
999 233 1137 276 h6stis
1170 232 1343 275 exuvias
1377 230 1508 274 dabit.

80 309 282 354 THESP.
308 309 543 365 Supersede
581 309 677 350 istis
715 308 843 350 rebus
881 307 979 348 iani.
1040 304 1126 347 ΕΡ.
1158 303 1223 346 Tu
1254 305 1346 360 ipse
1377 303 1453 345 tibi
1485 302 1604 345 lubet

94 400 98 403 ·
929 377 1055 419 finem
1089 377 1192 417 sace.

81 450 278 495 THESP.
302 449 472 493 Desiste
502 449 794 504 percontarier
826 462 859 489 e.
891 462 929 502 q.
962 456 1020 488 s.·

197 545 319 588 Inest
353 558 522 586 summa
557 543 715 585 facetia
752 543 797 584 in
833 540 1003 596 Epidici
1041 540 1184 582 verbis
1223 536 1280 595 (v.
1312 539 1368 580 29
1390 536 1470 593 sq.)
1508 551 1604 579 cum

81 616 188 658 dicit
217 614 460 658 Vulcanum
490 614 626 656 videri
658 627 779 655 arma
816 610 1117 666 Stratippoclis
1155 610 1410 662 fabricasse,
1447 609 1605 664 quippe

82 701 190 742 quae
221 686 439 738 αὐτόματα
471 685 524 727 ad
549 685 719 727 hostem
745 682 1101 726 transvolassent.
1143 681 1236 723 Nec
1260 680 1373 722 cedit
1393 679 1604 734 Thesprio

82 771 286 799 conservo
317 758 479 800 iocanti
502 757 595 812 ipse
621 769 788 812 quoque
814 769 864 795 ex
878 752 1076 795 'Homero
1102 751 1325 807 proferens
1351 751 1606 805 exemplum,

83 826 216 869 donec
247 820 454 882 Epidicus
491 828 579 869 iam
617 827 724 869 satis
756 840 850 868 esse
881 838 1092 880 nugarum
1117 826 1237 864 ratus
1269 823 1511 876 interrogat
1541 835 1606 863 se·

78 896 201 939 rione
231 897 304 939 ille
335 913 391 940 an
420 898 516 940 ioco
554 898 660 939 haec
690 893 920 952 dixeritffi).
951 894 1100 948 Neque
1131 897 1236 948 puto
1271 891 1424 934 ‘arma'
1456 907 1605 934 vocem

78 970 147 1009 ter
175 968 403 1022 repetitam
434 971 582 1011 tantae
615 983 707 1010 esse
739 967 965 1010 offensioni
974 1001 985 1021 ‚
1015 969 1065 1008 ut
1096 965 1364 1008 coniecturae
1397 979 1518 1007 meae
1545 964 1607 1007 in·

83 1037 248 1094 fringat
277 1039 645 1094 probabilitatem.

83 1200 149 1224 cur
172 1200 256 1224 cum
282 1189 473 1236 Scaligero
497 1189 605 1235 Epid.
632 1190 695 1232 12,
719 1194 760 1224 16
784 1189 893 1232 sorno
919 1200 1050 1224 nuo-sos
1073 1200 1182 1235 quam
1206 1188 1288 1231 soro
1312 1187 1515 1223 scribamus
1539 1200 1607 1234 pro

78 1249 193 1292 furno
217 1259 248 1285 e.
269 1261 305 1294 q.
325 1261 353 1284 s.
380 1249 458 1293 (sed
483 1249 665 1284 accedunt
688 1248 780 1292 alia;
805 1248 852 1283 cf.
876 1248 1145 1284 Buechelerum
1168 1247 1262 1283 Nov.
1296 1247 1418 1283 annal.
1444 1247 1516 1283 vol.
1535 1251 1601 1283 105

83 1307 251 1354 [21872]
272 1320 307 1353 p.
319 1310 421 1352 117);
446 1307 546 1343 idem
564 1319 674 1353 porro
693 1307 736 1342 fit
753 1308 840 1342 ante
860 1308 883 1352 1,
908 1308 952 1342 ut
975 1307 1071 1342 nihil
1088 1307 1248 1352 probent
1266 1306 1443 1341 Pseuduli
1465 1318 1499 1341 v.
1518 1309 1606 1341 1205

82 1359 122 1400 et
148 1369 239 1400 1244
270 1365 508 1411 (Pseudulum
533 1387 578 1392 —
605 1366 747 1410 dolum)
779 1367 907 1400 contra
935 1365 1142 1401 Pseudulus
1173 1364 1394 1410 scripturam
1427 1364 1485 1408 (cf.
1514 1364 1551 1399 C.
1578 1365 1605 1399 I.

83 1424 124 1460 L.
150 1424 168 1458 1
192 1429 278 1460 200:
304 1426 415 1470 aulo).
465 1425 635 1470 Namque
672 1425 753 1460 fieri
789 1425 913 1470 potuit
948 1425 991 1459 ut
1026 1425 1329 1470 pronuntiaretur
1359 1435 1402 1468 u,
1436 1423 1606 1468 quamvis

85 1475 249 1519 nondum
274 1485 506 1519 scriberetur.
555 1485 614 1519 Ad
638 1485 758 1530 ipsam
784 1496 863 1519 rem
888 1484 959 1519 hoc
983 1484 1135 1529 perinde
1161 1484 1272 1519 valet.
1422 1528 1430 1536 „

177 1545 235 1587 16)
265 1543 374 1578 Certe
404 1543 498 1578 haec
523 1542 569 1577 de
597 1543 729 1577 ‘dictis
755 1542 989 1578 melioribus’
1017 1542 1138 1588 petita
1162 1554 1242 1577 esse
1267 1541 1442 1576 videntur
1466 1552 1534 1576 nec
1558 1540 1606 1576 ad

82 1602 168 1637 illos
192 1602 292 1638 iocos
315 1601 505 1647 pertinent
529 1613 717 1637 servorum
742 1601 1015 1645 Plautium-um,
1050 1602 1148 1636 unde
1173 1602 1306 1646 postea
1330 1600 1499 1635 homines
1524 1612 1607 1645 pio-

85 1670 190 1695 caces
220 1662 259 1696 et
287 1660 447 1695 humiles
475 1671 610 1695 nomen
642 1660 872 1695 invenerunt.
922 1660 1019 1694 Nam
1050 1660 1122 1694 huc
1148 1659 1317 1694 existimo
1344 1661 1512 1704 spectare
1537 1659 1606 1694 Mi-

84 1718 184 1754 nucii
214 1719 348 1754 Felicis
378 1719 446 1754 illa
475 1719 606 1763 verba,
641 1718 774 1763 quibus
807 1718 984 1754 Octavius
1012 1719 1144 1754 ‘homo
1169 1718 1363 1753 Plautinae
1387 1717 1604 1763 prosapiae'

85 1779 239 1813 vocetur
263 1779 334 1821 (14,
362 1779 412 1821 1),
449 1788 523 1819 non
553 1777 602 1812 ad
624 1777 876 1811 humilitatem
900 1777 1062 1822 generis,
1100 1788 1146 1812 ex
1169 1788 1243 1821 quo
1268 1779 1370 1812 ortus
1395 1777 1444 1812 sit
1475 1779 1606 1822 poeta3

85 1835 287 1880 eodemque
306 1836 517 1871 referendae
538 1838 624 1871 sunt
644 1835 853 1876 ‘Plautinae
871 1836 1053 1871 familiae-²
1075 1837 1175 1881 apud
1194 1836 1460 1881 Hieronymum
1480 1836 1607 1879 (tomj

84 1907 120 1940 p.
147 1899 217 1930 230
248 1895 306 1930 ed.
330 1895 505 1940 Vallars.)
536 1898 575 1931 et
607 1895 824 1931 ‘Plautinae
849 1890 1019 1930 'familiae
1052 1895 1242 1930 columen’
1278 1897 1382 1940 (tom.
1409 1895 1425 1929 I
1450 1908 1486 1940 p.
1512 1897 1606 1939 236).

85 1953 184 1989 Data
206 1954 277 1989 hoc
302 1954 492 1990 occasione
517 1965 650 1990 moneo
674 1955 943 2000 Hieronymum
968 1966 1051 1989 cum
1076 1954 1252 1989 Plautum
1275 1954 1417 1989 faceret
1441 1955 1608 1989 veterum

85 2011 308 2048 comicorum
332 2013 573 2058 interpretem
598 2015 701 2057 (tom.
722 2014 739 2048 I
763 2026 799 2059 p.
815 2014 899 2058 309)
925 2013 1111 2048 Ciceronis
1135 2014 1181 2048 de
1207 2013 1268 2048 off.
1287 2014 1303 2048 Ι
1330 2017 1399 2048 104
1423 2013 1545 2048 verbis
1568 2012 1608 2046 in

87 2082 247 2107 errorem
272 2083 352 2107 esse
376 2072 530 2106 ductum
555 2071 672 2108 hisce:
713 2071 879 2117 ‘Duplex
906 2071 1054 2106 omnino
1081 2073 1139 2106 est
1162 2071 1310 2107 iocandi
1335 2083 1468 2116 genus:
1493 2083 1608 2106 unum

85 2130 279 2179 inliberale
303 2130 475 2175 petulans
499 2130 726 2176 flagitiosum
751 2131 963 2174 obscenum,
988 2130 1148 2164 alterum
1172 2130 1322 2175 elegans
1345 2131 1529 2166 urbanum
1553 2129 1607 2164 in-

86 2187 279 2234 geniosum
309 2189 488 2224 facetum:
520 2201 593 2234 quo
618 2201 753 2235 genere
778 2201 851 2224 non
876 2190 985 2224 modo
1018 2189 1209 2224 Plautus
1234 2191 1392 2225 noster
1416 2191 1461 2224 et
1486 2188 1607 2223 Atti-

85 2258 191 2282 coru
199 2245 284 2282 m‘n.
292 2260 312 2282 n
321 2248 359 2282 ti
368 2259 393 2292 q
402 2260 421 2281 u
431 2259 454 2282 a
478 2259 498 2282 c
506 2259 527 2282 o
535 2260 572 2282 m
581 2259 602 2283 o
610 2259 629 2282 e
638 2248 661 2282 d
669 2248 681 2282 i
689 2259 712 2283 a
720 2277 729 2293 ,
761 2248 827 2283 sed
852 2248 967 2283 etiam
997 2248 1303 2293 philosophorum
1336 2248 1606 2283 Socraticorum

87 2304 175 2340 libri
198 2305 324 2341 referti
349 2306 460 2341 sunt.’
