1904 3106
840 670 990 702 CAPUT
1025 672 1244 703 TERTIUM.

767 789 941 845 Epidici
973 805 1128 833 scaena
1161 792 1304 846 prima

435 902 445 910 x
513 884 740 927 emendata
771 887 814 926 et
845 885 1123 928 adnotatione
1155 886 1306 928 critica
1337 887 1558 929 instructa.

838 1111 1231 1153 Pracmonenda.

384 1217 451 1259 Ne
484 1218 579 1272 quis
612 1217 793 1272 dubitet,
825 1218 1186 1273 quemadmodum
1218 1233 1269 1259 ea
1301 1232 1409 1273 quae
1437 1233 1487 1260 ex
1508 1217 1798 1260 Ambrosiano

265 1289 482 1343 proferam
516 1289 809 1344 intellegenda
842 1289 941 1345 sint,
973 1289 1079 1331 haec
1111 1289 1356 1344 praemitto.
1405 1288 1607 1344 Litterae,
1639 1289 1796 1344 quibus

265 1363 427 1415 puncta
465 1360 723 1415 subscripsi,
767 1375 945 1415 prorsus
985 1363 1060 1402 aut
1097 1359 1402 1415 superinducta
1438 1375 1552 1402 nova
1585 1360 1799 1415 scriptura

267 1432 542 1487 obscuratae,
574 1435 649 1474 aut
681 1433 956 1474 membranae
989 1433 1158 1475 defectu
1189 1433 1420 1487 absorptae
1447 1435 1558 1475 sunt.
1608 1432 1672 1474 Dc
1704 1434 1796 1488 qui-

265 1504 515 1558 buscunque
542 1503 643 1545 dum
669 1503 857 1546 codicem
884 1504 1051 1546 confert
1075 1503 1273 1546 Loewius
1301 1503 1546 1559 dubitabat,
1578 1503 1640 1545 eis
1667 1503 1796 1545 inter-

265 1574 504 1630 rogationis
537 1575 663 1630 signa
696 1575 982 1630 superposuit.
1044 1574 1130 1617 Ubi
1163 1575 1311 1616 eadem
1342 1574 1653 1629 probabilitate
1686 1575 1796 1617 aliae

266 1649 393 1700 atque
426 1645 472 1686 in
503 1645 599 1700 ipso
633 1648 837 1688 contextu
877 1646 972 1688 dedi
1003 1647 1175 1687 litterae
1206 1645 1294 1701 legi
1325 1648 1546 1701 poterant,
1590 1660 1663 1687 eas
1697 1645 1796 1688 sim—

264 1717 434 1771 pliciter
466 1717 788 1771 superscripsit,
827 1717 901 1758 ubi
933 1719 1077 1759 autem
1109 1717 1221 1758 aliae
1253 1719 1456 1771 poterant
1488 1715 1678 1772 quidem,
1722 1716 1796 1759 scd

264 1788 406 1829 minus
438 1788 742 1842 probabiliter,
774 1788 1000 1830 uncinulos
1027 1786 1080 1844 ()
1108 1789 1236 1845 atque
1269 1788 1304 1829 si
1335 1786 1502 1829 minore
1535 1787 1667 1836 etjam
1698 1801 1796 1828 cum
1861 1819 1863 1822 ι
1899 1815 1904 1831 .-

265 1859 592 1914 probabilitate,
625 1859 838 1901 cancellos
867 1860 883 1912 [
909 1860 925 1911 ]
959 1858 1141 1913 addidit,
1174 1860 1345 1900 secutus
1376 1857 1460 1899 hac
1489 1858 1536 1899 in
1566 1871 1612 1899 re
1644 1855 1794 1899 Stude-

264 1930 412 1971 mundi
445 1931 702 1984 exemplum.
752 1928 979 1972 Sciendum
1005 1944 1134 1985 porro
1162 1929 1205 1971 B
1233 1931 1339 1971 nota
1371 1928 1606 1984 significari
1638 1927 1794 1970 veteris

265 2000 426 2042 codicis
459 2001 661 2055 primam,
701 1999 765 2043 Β2
797 2001 987 2043 eiusdem
1021 2001 1250 2042 secundam
1282 1997 1576 2057 (correctoris)
1607 2013 1794 2040 manum.

262 2071 495 2113 Praeterea
519 2087 673 2114 moneo
701 2072 734 2114 F
761 2087 854 2113 esse
881 2072 1069 2113 codicem
1094 2071 1377 2126 Lipsiensem,
1408 2085 1535 2126 quem
1554 2069 1792 2112 Ritschelio

264 2143 369 2184 duce
391 2142 585 2197 adhibui,
605 2146 660 2195 ut*
674 2147 1004 2198 cognosceretur
1023 2142 1148 2198 quale
1169 2144 1282 2184 esset
1306 2141 1388 2184 hoc
1413 2155 1547 2197 genus
1572 2141 1793 2182 librorum.

265 2213 294 2254 Z
330 2217 396 2255 est
427 2214 560 2256 editio
591 2213 805 2268 princeps,
837 2213 957 2255 cuius
983 2214 1166 2256 leviores
1191 2213 1452 2255 differentias
1485 2212 1539 2254 ad
1566 2212 1793 2267 orthogra-

249 2285 412 2342 phiam
443 2284 708 2339 pertinentes
743 2284 911 2338 saepius
944 2300 1032 2326 non
1064 2284 1277 2326 adnotavi.
1351 2283 1471 2325 Idem
1505 2282 1556 2324 de
1587 2281 1621 2324 F
1653 2282 1792 2324 dicen-

264 2357 377 2398 dum.
423 2355 500 2397 GG
526 2356 630 2397 nota
655 2369 726 2396 eas
755 2355 977 2410 designavi
1005 2355 1250 2409 scripturas,
1283 2369 1389 2409 quas
1422 2369 1518 2395 mea
1548 2353 1794 2396 coniectura

264 2428 400 2470 fretus
423 2426 711 2481 proposui.—
735 2425 936 2468 Ceterum
963 2428 1029 2467 est
1056 2440 1130 2467 cur
1154 2439 1240 2467 non
1267 2424 1552 2466 omittendum
1578 2424 1793 2478 ducamus,

265 2498 449 2553 paucula
480 2497 690 2552 quaedam
730 2512 836 2552 quae
869 2499 1070 2551 spectant
1101 2496 1154 2538 ad
1187 2495 1422 2542 adnotandi
1453 2508 1589 2550 genus
1621 2495 1666 2536 in
1697 2494 1793 2549 ipsa

265 2570 437 2612 fabulae
471 2568 659 2610 editione
690 2568 820 2622 paulo
853 2567 980 2609 aliter
1011 2570 1137 2621 atque
1169 2567 1214 2607 in
1246 2566 1329 2607 hoc
1361 2566 1592 2620 specimine
1624 2565 1790 2607 confor-

267 2643 429 2682 matum
462 2639 527 2680 iri.
