1904 3106
381 163 576 219 Denique
620 181 747 221 quem
788 181 920 209 unum
964 169 1097 211 etiam
1142 169 1398 211 manifestae
1442 167 1791 224 interpolationis

265 234 441 289 coargui
473 249 600 289 posse
631 238 737 290 puto
771 252 958 294 versum,
996 239 1091 282 loco
1131 241 1272 281 exstat
1303 239 1633 282 intricatissimo
1671 254 1709 282 v·
1736 239 1791 282 37

266 305 406 360 -44‚
438 320 566 360 quem
598 307 661 349 ita
693 306 949 364 Spengelius
982 311 1224 353 constituit:

325 399 468 455 Atque
500 401 607 444 haec
640 403 830 446 celamus
862 406 1013 447 nostra
1044 405 1201 447 damna
1231 405 1458 462 industria,

325 470 464 520 Quom
495 474 588 514 rem
619 473 831 530 fidemque
862 478 1024 532 nosque
1056 479 1225 519 nosmet
1256 477 1489 533 perdimus,

323 541 390 584 Ne
424 542 500 599 qui
527 545 721 598 parentis
754 549 838 588 neti
871 548 1047 603 cognati
1079 548 1290 590 sentiant:

325 614 440 663 Quos
474 617 601 670 qu6m
636 617 825 658 celamus
859 617 899 659 ss
926 618 1112 661 faximus
1145 619 1339 662 conscios

324 685 406 735 Qui
437 689 611 729 nostrae
644 689 779 730 aetati
811 690 1070 745 tempestive
1101 692 1356 746 temperent,

323 756 384 799 Ut
414 772 469 800 ne
503 759 733 814 anteparta
765 760 914 803 demus
946 763 1312 817 postparffiribus,

323 827 357 869 F
360 827 474 870 axsm
505 830 710 872 lenonum
743 833 786 872 et
818 833 1058 875 sc6rtorum
1091 833 1275 887 posthac
1306 831 1448 874 minus

322 899 383 942 Et
414 899 555 943 minus
589 901 896 945 damnosorum
927 903 1154 946 hominum
1186 918 1317 959 quam
1347 917 1462 945 nunc
1494 906 1596 946 sunt
1626 904 1751 947 sient.

261 993 434 1038 Minora
464 998 513 1037 ut
545 997 672 1037 antea
705 996 930 1039 absolvam
958 997 1009 1039 de
1042 1013 1079 1039 v.
1095 998 1149 1040 37
1184 999 1396 1053 quotquot
1427 997 1566 1040 adhuc
1596 999 1793 1054 prolatae

261 1070 362 1108 sunt
394 1066 665 1109 coniecturae
678 1065 744 1123 108)
765 1068 819 1109 ad
850 1083 979 1110 unam
1011 1083 1160 1111 omnes
1192 1069 1456 1111 reiectaneae
1488 1072 1601 1125 sunt,
1633 1070 1791 1126 quippe

261 1153 369 1193 quae
402 1153 427 1180 a
458 1138 550 1181 cod.
574 1138 609 1180 B
641 1153 727 1181 nos
758 1140 982 1182 clammina
1006 1141 1214 1183 industria
1239 1140 1586 1196 proficiscantur:
1619 1133 1694 1183 sed
1717 1154 1793 1183 nos

261 1209 465 1264 quoniam
499 1208 573 1251 OD
607 1210 833 1264 omittunt,
877 1217 1117 1265 pronomen
1146 1225 1235 1253 non
1266 1211 1410 1253 minus
1442 1225 1493 1253 ex
1525 1225 1652 1254 versu
1683 1211 1792 1254 inse-

260 1283 416 1336 quente
447 1281 672 1336 irrepsisse
705 1282 981 1324 statuendum
1013 1282 1114 1337 erit,
1151 1282 1224 1324 ubi
1261 1282 1375 1324 idem
1414 1281 1563 1325 eodem
1594 1282 1690 1325 loco
1723 1297 1791 1325 ex-

262 1354 367 1407 stat,
412 1366 542 1407 quam
585 1367 623 1394 v.
655 1352 712 1394 46
745 1350 840 1407 (47)
887 1352 983 1405 ῼιιᾶ
1014 1366 1112 1394 nus
1142 1354 1240 1395 olim
1287 1367 1338 1394 ex
1382 1367 1418 1395 v.
1450 1353 1507 1395 47
1541 1351 1638 1410 (46)
1676 1354 1793 1396 Nam
1858 1351 1863 1353 ”

259 1437 480 1477 nusquam
511 1423 581 1465 vel
614 1423 665 1464 de
697 1438 779 1478 quo
811 1438 852 1478 p.
876 1424 928 1466 18
966 1424 1062 1466 adn.
1083 1424 1138 1467 38
1181 1424 1268 1466 dixi
1307 1424 1465 1479 odium,
1503 1424 1579 1466 ubi
1609 1426 1791 1480 utroque

259 1495 354 1537 1000
388 1493 462 1538 OD
500 1495 650 1537 itidem
689 1494 769 1537 has
800 1509 926 1537 voces
958 1498 1073 1537 recte
1106 1495 1326 1538 omittunt.
1387 1495 1481 1537 Iam
1513 1494 1550 1537 si
1581 1495 1791 1538 habemus

258 1566 393 1619 Atque
433 1566 530 1608 haec
570 1566 747 1608 celamus
785 1566 1012 1608 dammim
1052 1567 1277 1621 industria,
1321 1566 1516 1622 quamvis
1557 1580 1696 1621 prona
1735 1566 1793 1608 sit

261 1636 459 1679 ‘damna'
491 1636 695 1692 mutatio,
732 1638 881 1678 tamen
918 1638 1024 1679 clam
1061 1638 1166 1680 illud
1196 1652 1470 1694 nequaquam
1501 1637 1790 1693 spernendum

259 1712 346 1763 est,
379 1709 480 1764 quia
511 1710 614 1750 item
647 1710 788 1750 exstat
818 1707 947 1750 Poen.
980 1708 1032 1763 V,
1063 1710 1109 1764 4,
1142 1709 1217 1751 69:
1254 1709 1456 1751 celavistis
1485 1709 1592 1751 clam
1621 1722 1685 1751 me
1715 1707 1786 1765 (cf.

260 1781 417 1836 Amph.
449 1796 487 1822 v.
518 1778 637 1835 490).
700 1777 780 1821 Cui
822 1794 918 1821 cum
960 1780 1091 1822 etiam
1131 1780 1213 1823 hoc
1253 1781 1348 1823 1000
1391 1780 1684 1826 accusativum
1717 1780 1791 1822 ad-

260 1851 444 1894 dendum
485 1866 578 1893 esse
617 1853 952 1893 consentaneum
992 1841 1065 1906 siff,
1108 1866 1197 1894 non
1234 1851 1324 1893 sine
1361 1851 1672 1907 probabilitate
1703 1851 1800 1904 offis

259 1923 530 1965 intercidisse
569 1922 842 1964 coniciemus,
913 1921 1110 1978 Denique
1147 1937 1244 1964 cum
1284 1923 1495 1966 industria
1534 1922 1666 1964 etiam
1706 1921 1790 1965 dici

259 1994 330 2036 vix
369 1994 510 2049 possit
545 1993 629 2035 nisi
668 1996 742 2036 aut
779 1994 828 2035 de
857 1993 924 2035 vel
954 2007 1004 2035 ex
1034 1994 1357 2049 praepositione
1389 1993 1536 2036 addita
1567 1995 1643 2035 aut
1673 1993 1790 2035 adie-

260 2065 374 2107 011νο
407 2065 593 2120 quodam
626 2089 682 2094 --
714 2064 766 2106 cf.
799 2064 919 2106 Asin.
951 2079 990 2106 v.
1021 2065 1127 2119 2123
1159 2064 1303 2106 Aulul.
1334 2063 1416 2120 ΙΙΙ,
1447 2065 1487 2120 2,
1519 2064 1565 2119 6;
1604 2062 1699 2107 Cas.
1730 2063 1787 2119 II,

262 2138 302 2192 3,
334 2137 410 2191 603
454 2136 585 2179 Poen.
616 2135 655 2191 Ι,
686 2137 727 2191 2,
759 2136 804 2191 9;
848 2135 1036 2178 Mostell.
1067 2151 1106 2177 v.
1138 2136 1244 2190 3483
1289 2133 1385 2177 Cas.
1416 2136 1525 2190 prol.
1556 2150 1594 2178 v.
1625 2135 1684 2178 45
1718 2159 1785 2190 —‚

260 2209 322 2250 3ἰο
359 2210 464 2263 puto
504 2207 761 2262 scripturam
800 2209 875 2248 aut
906 2222 1052 2249 veram
1091 2208 1165 2249 aut
1196 2206 1286 2249 veri
1318 2206 1585 2249 simillimam
1616 2220 1788 2261 recupe-

260 2279 470 2321 rabimus:

387 2361 531 2416 Atque
564 2361 671 2404 haec
704 2361 894 2404 celamus
928 2361 1037 2404 clam
1070 2361 1229 2414 [omnis
1262 2362 1451 2414 su]mma
1481 2360 1706 2403 industria.

261 2457 397 2499 Porro
424 2472 461 2499 v.
481 2457 539 2498 40
573 2456 682 2509 Quos
706 2471 843 2510 quom
868 2457 1045 2499 celamus
1068 2457 1106 2499 si
1127 2456 1314 2509 faximus
1338 2456 1515 2498 conscios
1546 2454 1660 2510 quod
1690 2469 1786 2523 curn

358 2576 440 2618 108)
484 2574 580 2609 Ante
625 2573 866 2618 Spengelium
910 2572 1159 2608 Camerarium
1202 2572 1390 2618 scripsisse
1433 2582 1680 2608 commemoro
1722 2581 1789 2606 nos

264 2635 402 2669 damme
426 2644 504 2668 una
529 2632 727 2675 industria,
754 2631 979 2667 Gronovium
1006 2643 1071 2667 nos
1096 2633 1189 2667 clam
1208 2633 1304 2667 mira
1324 2632 1397 2676 (vel
1414 2633 1569 2676 summa)
1589 2622 1787 2674 industria',

263 2694 437 2728 Bothium
464 2694 601 2729 damna
626 2704 692 2728 nos
717 2693 914 2727 industria.
966 2691 1094 2737 Nuper
1118 2692 1245 2727 autem
1271 2691 1437 2737 Buggius
1463 2689 1595 2726 Philol.
1620 2690 1647 2725 t.
1667 2688 1787 2724 XXXI

261 2758 374 2798 p.249
401 2753 591 2799 proposuit
623 2763 688 2787 nos
712 2753 848 2787 damna
873 2763 951 2787 una
975 2752 1174 2794 industria,
1199 2763 1286 2786 casu
1312 2752 1355 2785 ut
1377 2750 1525 2785 videtur
1549 2761 1632 2784 cum
1659 2748 1786 2784 Came-

263 2813 359 2848 rario
386 2812 619 2856 conveniens,
646 2823 688 2847 ac
714 2811 799 2847 dein
825 2822 895 2856 quo
920 2822 987 2857 pro
1013 2822 1117 2855 quom
1143 2810 1226 2846 coll.
1254 2809 1384 2845 Pseud.
1411 2821 1445 2844 v.
1472 2811 1540 2844 318
1555 2819 1607 2852 sq.
