1904 3106
702 86 994 127 „55-

297 185 520 235 Postremo
551 192 596 233 in
627 205 784 247 magno
816 190 997 246 populo,
1028 190 1154 232 victis
1186 189 1398 244 hostibus,

297 263 361 306 Re
389 262 560 318 placida
592 265 722 318 atque
753 262 896 304 otiosa
926 262 1148 304 mulierem
1181 261 1316 302 maris

297 334 457 376 Amare
488 335 660 388 oportet
691 332 831 375 <imnis
863 333 936 388 qui
968 332 1082 388 quod
1112 332 1216 374 dent
1248 331 1423 373 habent.

86 440 295 483 Graviore
325 439 569 494 corruptela
600 439 730 480 etiam
763 439 873 480 v.ss4
903 437 1074 480 laborat
1105 436 1177 492 (cf.
1196 452 1236 492 p.
1257 436 1334 493 52)
1366 452 1449 492 quo
1477 435 1608 491 Spen-

86 511 191 568 gelii
221 510 482 566 scripturam
512 524 600 552 non
631 512 697 551 est
729 508 842 565 quod
874 512 974 564 post
1004 507 1317 550 Buechelerum
1351 508 1608 562 vituperem3

84 596 222 637 neque
258 580 303 623 id
333 581 447 636 quod
484 579 774 635 Kiesslingius
811 579 1039 634 proposuit
1076 578 1105 620 l.
1137 593 1168 620 s.
1201 593 1233 619 s.
1269 593 1309 633 p.
1342 579 1425 620 621
1467 578 1520 620 ad
1559 593 1610 620 ea

85 666 193 708 quae
219 654 421 694 secuntur
447 653 561 692 arcte
589 665 686 692 cum
711 650 791 692 hoc
811 664 936 692 versu
957 634 1217 691 eoneet'enda
1238 649 1607 692 accommodatum

85 724 163 766 est.
222 720 487 764 Sententiam
525 720 611 764 loci
644 720 839 776 Buggius
871 720 950 762 tali
982 720 1194 774 scriptura
1227 719 1419 761 reduxit:

260 827 608 881 Dammisiomm,
639 826 762 868 illum
794 825 893 868 exin
924 841 1091 868 summo
1124 824 1277 868 habuit
1307 826 1416 880 loco,

261 898 398 949 Quem
429 897 614 940 antehac
646 900 727 940 cet.

85 993 167 1037 Sed
198 993 284 1036 alia
315 992 426 1034 ratio
458 993 677 1047 praestare
709 991 890 1046 videtur,
922 992 1176 1046 praesertim
1208 1006 1304 1034 cum
1334 1006 1493 1034 saecnzmo
1525 994 1608 1035 loco

83 1066 183 1120 post
217 1077 423 1107 summum
453 1067 573 1117 atqup
602 1064 809 1104 intumum
839 1063 946 1104 v.61
970 1062 1194 1104 molestius
1213 1064 1443 1117 repetatur.
1474 1063 1607 1106 Nam-

35 1179 38 1184 ,
84 1150 166 1191 que
196 1149 320 1191 quem
352 1137 452 1189 apte
482 1135 624 1176 locum
655 1133 836 1176 contulit
855 1133 1050 1189 Buggius
1071 1131 1194 1176 Curc.
1214 1148 1251 1174 v.
1268 1134 1354 1175 363
1385 1135 1529 1176 exinde
1560 1139 1608 1178 ut

76 1209 295 1260 postquam
338 1204 683 1247 coniunctionem
725 1204 892 1259 insequi
928 1205 1121 1259 potuisse
1160 1204 1493 1261 demonstraret,
1536 1207 1608 1248 ubi

83 1276 285 1332 quoniam
327 1276 624 1330 insequeretur
665 1274 848 1331 (Ostium
886 1276 956 1318 ubi
992 1277 1198 1329 comperi,
1235 1277 1379 1318 exinde
1414 1291 1477 1319 me
1512 1278 1606 1320 ilico

74 1347 289 1402 protinam
306 1344 441 1402 decli):
473 1346 519 1388 in
544 1346 693 1388 eodem
713 1345 1023 1388 advertendum
1049 1349 1115 1388 est
1145 1347 1239 1388 ilico
1271 1347 1459 1403 adiungi,
1490 1349 1605 1404 quod

81 1433 170 1460 non
201 1417 328 1460 modo
361 1419 459 1472 post
489 1417 561 1459 ubi
591 1417 841 1472 saepissime
873 1417 1071 1471 infertur,
1102 1432 1251 1459 verum
1280 1418 1410 1460 etiam
1436 1423 1535 1474 post
1561 1421 1605 1462 id

83 1489 196 1544 quod
233 1488 304 1530 hic
340 1487 550 1529 habemus
574 1491 794 1542 postquam
825 1491 968 1530 exstat
997 1489 1116 1531 velut
1146 1488 1236 1530 Mil.
1268 1489 1374 1544 glor.
1406 1505 1444 1531 v.
1481 1491 1605 1544 1432,

83 1558 213 1601 Mero.
243 1573 281 1601 v.
300 1559 398 1601 220.
459 1558 598 1608 Quare
630 1572 709 1612 pro
741 1558 824 1600 loco
853 1559 900 1600 in
930 1559 1059 1601 huius
1091 1574 1240 1601 versus
1266 1559 1383 1601 exitu
1418 1561 1508 1602 ilico
1539 1576 1604 1602 re-

83 1630 317 1684 stituimus,
346 1629 458 1684 quod
491 1628 621 1670 simili
653 1629 820 1671 ratione
851 1629 912 1683 II,
942 1630 983 1685 4,
1014 1631 1070 1672 89
1103 1633 1351 1685 corruptum
1383 1634 1460 1673 est.
1510 1631 1603 1674 Iam

82 1733 185 1760 vero
215 1717 318 1759 mihi
342 1708 422 1773 (vio)
461 1732 558 1759 cum
596 1717 685 1758 veri
715 1732 802 1759 non
834 1718 1031 1760 absimile
1063 1719 1120 1761 sit
1151 1734 1202 1761 ex
1234 1733 1352 1761 mero
1384 1733 1426 1761 m
1459 1720 1604 1764 littera

83 1789 138 1830 ab
162 1789 486 1831 damnosiore-vn
512 1788 661 1830 avulsa
686 1789 830 1829 ortum
855 1803 960 1843 esse,
991 1789 1137 1844 qualia
1167 1804 1373 1844 persaepe
1399 1791 1602 1834 accidisse

82 1859 128 1901 in
158 1859 311 1915 vulgus
343 1861 525 1912 constat,
557 1875 608 1901 ex
640 1874 784 1901 versus
805 1859 862 1901 65
894 1860 1110 1901 sententia
1139 1858 1275 1915 (quem
1299 1861 1470 1904 antehac
1493 1864 1603 1905 odio-

81 1943 174 1972 sum
208 1929 296 1971 san*
322 1943 404 1971 esse
439 1930 688 1971 memorabat
723 1929 856 1986 mala)
893 1930 939 1971 in
976 1931 1160 1972 imnum&
1195 1931 1372 1973 dubium
1411 1932 1481 1975 vix
1520 1934 1602 1975 erit

83 1999 187 2056 quin
224 2001 381 2041 amavit
421 2000 569 2041 lateat.
627 2000 778 2054 Itaque
819 2015 916 2043 cum
955 2001 1003 2042 in
1041 2002 1121 2043 tali
1163 2003 1376 2058 scriptura
1416 2004 1600 2058 quodam

82 2070 211 2112 modo
243 2070 510 2125 acquiescere
540 2069 775 2125 possimus:

294 2163 640 2220 Damnosiorem‚
671 2164 822 2208 exinde
854 2167 1014 2209 amavit
1044 2166 1164 2223 ilico,

82 2263 227 2302 tamen
265 2260 395 2302 altius
436 2259 480 2301 ni
521 2259 650 2302 fallor
690 2275 757 2302 res
798 2261 1060 2315 expedienda
1102 2266 1179 2306 est..
1239 2263 1354 2306 Nam
1392 2279 1443 2306 ex
1479 2265 1601 2306 verbi

82 2331 257 2373 notione
288 2331 474 2385 simplici
504 2331 660 2372 amavit
689 2333 910 2385 praestare
940 2332 1145 2374 deamavic
1175 2333 1360 2388 videtur,
1391 2335 1598 2377 librorum

83 2404 227 2443 autem
268 2402 479 2455 scriptura
519 2402 715 2443 immovit
752 2401 935 2443 fortasse
973 2417 1025 2444 ex
1066 2405 1354 2459 superscripto
1395 2406 1454 2446 im
1491 2405 1598 2447 deri-

83 2470 224 2513 vanda
255 2471 330 2522 sit,
361 2486 445 2526 quo
476 2472 619 2513 eoeinde
647 2472 804 2513 anmvc’t
834 2486 910 2526 pro
941 2473 1049 2514 exim
1078 2474 1284 2516 deanmvit
1312 2475 1598 2517 substitutum

83 2543 320 2583 correctum
350 2541 482 2583 ibant.
543 2541 705 2591 Quodsi
735 2542 1032 2597 proponimus:

295 2634 641 2690 Damnosiorem,
672 2635 784 2678 exim
816 2637 1034 2679 deamavit
1063 2636 1183 2692 ilico,

37 2763 40 2766 .
83 2729 129 2770 in
163 2730 270 2770 emim
308 2732 485 2771 accentu
522 2745 608 2772 non
640 2731 780 2786 magis
813 2731 1111 2773 offendendum
1149 2732 1248 2786 erit,
1288 2747 1417 2786 quam
1450 2732 1494 2774 in
1525 2735 1601 2775 etsi

85 2798 232 2840 eodem
262 2814 409 2841 versus
440 2800 534 2842 loco
566 2800 709 2855 posito
740 2799 890 2844 Pseud,
915 2818 953 2844 v.
973 2803 1027 2844 87
1061 2803 1248 2856 itemque
1282 2803 1326 2843 iu
1356 2803 1459 2844 adeo'
1487 2802 1596 2845 And.
