1904 3106
805 74 1172 116 ‘-3s-

254 177 446 220 recensio
486 180 563 220 est.
626 178 721 221 Hoc
758 179 846 222 iam
885 180 1101 235 quomodo
1146 179 1346 235 intellegi
1394 180 1525 222 velim
1574 181 1683 224 locis
1732 182 1791 225 de

254 249 471 303 prologo
504 249 773 305 primaque
806 250 1016 292 fabulae
1049 265 1234 293 scaena
1266 250 1477 306 decerptis
1509 251 1572 294 ita
1602 253 1787 307 probare

255 319 403 375 liceat,
448 324 496 362 ut
535 321 711 363 omnino
750 321 832 363 hae
874 324 1020 376 partes
1062 322 1134 377 qui
1177 322 1504 364 constituendae
1546 338 1641 366 esse
1683 324 1790 366 mihi

254 390 484 432 videantur
514 392 663 446 paullo
694 391 869 434 uberius
903 392 1034 435 simul
1066 393 1292 435 declarem.

374 462 526 518 Itaque
558 463 791 518 prologum
828 463 873 504 in
913 464 997 506 fine
1027 463 1303 518 potissimum
1334 464 1536 507 mutilum
1569 479 1660 508 esse
1692 481 1790 510 cum

258 533 424 588 pridem
456 533 504 575 G.
537 534 588 576 A.
620 533 669 576 Β.
700 534 903 576 Wolffius
936 534 988 576 de
1020 534 1128 589 prol.
1160 534 1224 576 Pl.
1255 550 1296 590 p.
1319 535 1391 589 11,
1433 534 1632 578 Osannus
1664 536 1790 579 Anal.

256 619 296 659 p.
332 605 434 659 180,
474 604 548 646 alii
580 605 789 659 dixerint,
828 604 934 647 adeo
967 605 1051 646 fixa
1085 620 1134 647 ac
1166 605 1364 648 stabilita
1395 605 1502 649 haec
1535 607 1680 662 opinio
1713 610 1791 664 est,

255 678 304 717 ut
335 673 544 717 Dziatzko
578 676 603 717 l.
637 691 668 718 s.
701 691 734 717 s.
765 691 806 730 p.
827 676 880 718 61
915 674 1146 732 Spengelio
1179 676 1365 731 quodam
1399 678 1526 720 modo
1557 678 1666 721 vitio
1698 693 1790 721 ver-

254 748 378 800 teret,
411 746 526 801 quod
559 747 622 790 ita
647 763 801 790 versus
828 748 886 789 20
909 763 970 803 sq.
1002 747 1316 803 constituisset,
1347 749 1470 804 quasi
1495 750 1789 792 narrationem

256 817 505 859 clauderent
522 816 584 875 ⁷3).
631 818 714 862 Sed
739 819 822 861 hoc
847 834 924 874 per
950 834 995 860 se
1021 821 1190 860 tantum
1218 819 1352 875 abest,
1383 822 1432 862 ut
1457 820 1790 876 vituperandum

256 889 332 943 sit,
364 891 412 930 ut
438 892 588 931 contra
614 904 722 945 quae
748 890 843 932 sola
867 889 955 931 fere
982 904 1161 945 prorsus
1188 905 1297 932 sana
1328 893 1430 933 sunt
1460 905 1661 934 versuum
1693 907 1789 935 cor-

255 960 602 1015 ruptissimorum
635 961 768 1003 verba
802 960 913 1014 Quid
936 961 1098 1003 multa?
1130 976 1282 1016 reapse
1315 961 1515 1016 abrumpi
1548 977 1789 1005 sermonem

256 1030 457 1086 finirique
489 1030 691 1073 indicent.
719 1031 886 1074 ‘Immo
919 1031 1024 1074 illud
1057 1032 1283 1075 dicendum
1315 1035 1408 1075 erat
1439 1047 1568 1088 quam
1601 1033 1789 1091 Spenge-

257 1102 342 1143 lius
376 1102 637 1144 sententiam
669 1103 934 1146 extricavitr

435 1197 548 1247 Quid
578 1197 746 1239 multa?
784 1197 864 1239 tris
896 1197 1088 1240 vicissim
1119 1200 1301 1253 pereunt
1332 1197 1576 1248 miilierem:

435 1269 517 1311 His
550 1284 647 1311 cum
679 1269 842 1324 animo,
874 1269 975 1311 dum
1007 1269 1187 1325 habent,
1219 1271 1295 1312 res
1322 1270 1642 1312 exenterabitur

260 1364 402 1406 locum
435 1379 522 1406 non
553 1363 713 1406 habere
745 1364 791 1406 in
822 1365 925 1419 fine,
970 1364 1043 1406 sed
1077 1364 1123 1406 in
1153 1364 1366 1419 principio
1400 1366 1663 1421 argumenti,
1704 1381 1789 1422 quo

255 1450 408 1477 revera
440 1437 624 1490 exstant,
655 1436 766 1477 unde
798 1435 947 1478 hausit
979 1435 1256 1491 scripturam,
1287 1435 1393 1491 Arg.
1425 1451 1463 1479 v.
1486 1437 1528 1479 l:

435 1531 541 1573 Tres
572 1534 705 1572 rinam
737 1534 918 1586 pereunt
951 1532 1246 1574 adulescentes
1279 1531 1516 1574 mulierem.

256 1626 463 1668 Attamen
494 1628 538 1667 et
568 1626 800 1669 Muellerus
832 1625 1012 1668 eandem
1045 1627 1303 1670 sententiam
1335 1627 1526 1683 agnovit,
1557 1627 1641 1669 nisi
1674 1627 1788 1682 quod

256 1698 436 1740 vicissim
467 1697 574 1739 illud
605 1698 762 1740 litteris
793 1713 880 1740 non
913 1697 1057 1739 sensui
1096 1698 1469 1740 accommodatum
1502 1697 1703 1752 evitavit,
1747 1700 1791 1740 et

255 1768 451 1824 Buggius
478 1771 606 1810 antea
632 1769 670 1811 ei
697 1769 765 1811 vel
792 1769 901 1811 alias
928 1769 1323 1823 superinstruxerat
1347 1769 1610 1833 mutationes
1631 1767 1789 1812 Philol.

258 1842 288 1882 t.
320 1839 466 1882 XXXI
498 1856 538 1895 p.
570 1840 677 1896 2593
707 1840 794 1882 iam
827 1855 930 1882 vero
962 1841 1148 1882 mutavit
1179 1841 1207 1882 l.
1239 1856 1271 1882 s.
1304 1856 1335 1883 s.
1367 1855 1408 1895 p.
1427 1840 1532 1882 401:

436 1934 547 1984 Quid
582 1934 759 1976 multa?
782 1935 883 1990 tris,
915 1938 962 1976 ut
993 1933 1100 1990 dixi,
1131 1936 1313 1989 pereunt
1343 1934 1582 1976 mulierem.

260 2028 402 2084 Atque
429 2029 729 2072 Palatinorum
758 2030 1041 2085 archetypum
1067 2031 1169 2084 post
1195 2029 1305 2081 Quid
1327 2029 1460 2071 multa
1485 2023 1788 2072 detrimentum

260 2101 507 2155 concepisse
540 2103 583 2142 et
615 2100 705 2143 cod.
732 2100 768 2142 B
801 2101 992 2143 ostendit
1023 2115 1120 2143 cum
1151 2100 1337 2156 quinque
1368 2100 1613 2143 litterarum
1645 2099 1787 2155 spatio

353 2289 411 2330 73)
440 2287 502 2323 ‘V.
531 2292 583 2324 20
596 2289 637 2332 fl,
662 2289 789 2324 welche
813 2289 872 2324 die
896 2288 1190 2332 Handschriften
1215 2288 1256 2323 in
1281 2288 1404 2323 heillos
1432 2287 1634 2322 verderbter
1652 2287 1792 2323 Ges-talc

257 2347 374 2382 bieten
400 2347 482 2391 (vql.
511 2347 548 2381 (J.
570 2347 616 2381 F.
646 2347 702 2382 W.
725 2347 866 2382 Maller
891 2359 925 2382 a.
955 2346 994 2381 Ο.
1023 2347 1060 2382 S.
1076 2350 1148 2382 510
1162 2346 1207 2382 A.
1228 2348 1276 2388 1),
1303 2346 1388 2381 siml
1411 2357 1482 2381 von
1502 2345 1656 2391 Spenyel
1679 2347 1786 2391 θείει-

257 2406 365 2448 reich,
391 2405 477 2440 aber
495 2406 627 2440 meinos
646 2405 852 2440 Erachtens
876 2406 975 2440 nicht
1001 2406 1132 2450 richtiy
1151 2405 1327 2440 emendirt
1345 2405 1502 2440 worden.
1539 2405 1648 2440 Nach
1671 2405 1789 2441 seiner

264 2464 490 2509 Schreibuny
514 2465 664 2499 wz'irden
683 2464 767 2508 jone
800 2463 906 2499 Versa
930 2464 988 2499 <zie
1013 2464 1414 2509 Aryumenterzc'ihluny
1439 2463 1685 2507 abschzicssen‚
1709 2465 1789 2500 und

263 2523 419 2568 Spenyez
443 2523 572 2558 nimmt
598 2523 691 2558 auch
716 2534 784 2565 cm,
809 2523 895 2558 dass
918 2534 992 2557 nur
1016 2523 1094 2557 eine
1117 2523 1225 2557 kurze
1249 2522 1395 2557 Amede
1419 2534 1470 2557 an
1494 2523 1553 2558 die
1577 2523 1788 2558 Zuschauer

260 2584 422 2618 cerloren
454 2582 514 2617 sei.
565 2581 732 2616 Enthielt
762 2582 825 2616 der
852 2582 990 2627 Proloy
1015 2582 1101 2617 aber
1125 2583 1225 2617 nicht
1249 2582 1346 2616 mehr
1371 2592 1450 2616 vom
1475 2581 1694 2627 Aryument,
1731 2582 1788 2617 als

259 2654 296 2677 er
316 2642 406 2685 jetzt
431 2642 585 2684 enthc'c'lt,
615 2652 654 2675 so
679 2652 757 2675 war
782 2652 819 2676 er
844 2641 1043 2686 allerdinys
1066 2652 1162 2686 yanz
1187 2642 1386 2687 unnothiffl
1423 2641 1481 2676 die
1505 2641 1712 2676 vereinzelte
1735 2641 1787 2676 im

264 2700 307 2735 V.
323 2704 371 2736 18
397 2701 597 2735 enthaltene
615 2700 728 2734 Notiz
752 2702 848 2734 τεᾶν-ε
873 2700 976 2734 daim
999 2701 1079 2735 sehr
1105 2700 1308 2745 auffiilliyf
1349 2699 1520 2735 Ceterum
1544 2699 1584 2734 in
1607 2699 1785 2744 proximis
1860 2732 1867 2743 ,

258 2759 356 2803 quod
384 2759 566 2804 quinque,
597 2770 671 2794 non
704 2758 858 2792 duarum
891 2757 1099 2793 litterarum
1132 2758 1293 2804 spatium
1319 2758 1405 2804 post
1431 2758 1530 2803 Quid
1553 2758 1668 2793 multa
1691 2757 1731 2792 in
1755 2757 1784 2792 B

264 2817 431 2853 relictum
460 2830 536 2853 esse
563 2817 639 2852 dixi
664 2817 707 2852 Η,
735 2816 885 2852 Hinckii
910 2817 1019 2852 fidem
1046 2818 1191 2852 secutus
1218 2829 1308 2852 sum.
