1904 3106
879 101 1198 143 —150—

270 207 388 248 cuius
441 222 544 249 usus
606 207 790 262 vestigia
847 208 893 250 in
935 205 1191 262 posterioris
1236 208 1389 250 aetatis
1438 208 1590 264 lingua
1634 207 1806 263 vulgari

272 281 495 332 apparent.
558 277 710 320 Testes
742 279 850 321 mihi
883 282 984 322 sunt
1016 280 1186 336 glossae
1229 280 1422 322 codicum
1454 279 1657 322 Vaticani
1687 278 1801 321 3321

270 364 378 391 saec.
410 348 496 391 VII
526 349 554 390 f.
584 349 703 391 140¹:
737 349 1402 407 SURGUNT281¹ATUUNT3
1433 350 1636 393 Vaticani
1671 350 1800 393 1468:

269 421 396 461 excito
424 421 654 474 :produco,
696 434 862 477 surqo,
914 420 1161 464 Casinensis
1205 421 1310 464 439:
1358 424 1564 475 sumunt:
1584 421 1631 462 in
1673 420 1806 462 altum

272 493 426 543 [actum
470 491 578 547 cod]
629 496 833 535 extruunt.
912 493 1093 535 Accedit
1140 493 1251 548 quod
1288 493 1451 535 surrexi
1494 494 1538 534 et
1578 495 1804 534 surrectum

269 562 433 604 formas
471 566 623 605 notum
657 566 724 605 est
762 567 805 606 et
842 564 1142 606 intransitivas
1181 561 1224 620 (a
1263 561 1446 620 sumere)
1477 565 1522 605 et
1550 562 1804 606 transitivas

271 631 316 688 (a
341 633 563 690 subriyere)
591 649 696 676 esse.
743 634 917 689 Suryere
943 637 1088 677 autem
1113 649 1200 677 non
1226 635 1365 690 magis
1393 634 1536 676 differt
1560 648 1586 676 a
1602 633 1806 688 surriyere

271 704 486 759 subre‘yere,
519 720 648 760 quam
678 719 844 759 surpere
875 720 900 747 a
930 707 1136 760 surripere
1164 706 1381 759 subripere.
1426 704 1627 747 Ceterum
1645 719 1683 747 v.
1703 703 1731 746 5
1762 707 1807 746 et

273 777 316 816 et
353 776 406 817 10
438 772 670 818 LUBENS
703 779 746 818 et
776 774 1082 818 LACRUMIS
1106 776 1251 818 habes.

391 846 587 888 Alterius
620 847 734 902 quod
767 847 1058 889 Ambrosiano
1091 847 1294 889 debemus
1327 847 1572 903 argumenti
1603 846 1705 902 quid
1729 846 1807 888 ho-

273 915 426 972 dieque
457 917 546 972 legi
578 918 727 972 possit,
761 918 863 973 quid
894 933 982 960 non
1012 918 1118 960 item
1149 917 1276 960 huius
1307 917 1393 960 loci
1422 932 1510 960 non
1541 920 1607 959 est
1633 931 1804 959 accura-

270 988 357 1029 tius
396 1002 619 1043 exponere.
671 989 943 1044 Quamquam
983 991 1128 1031 autem
1169 989 1307 1031 multo
1352 989 1479 1044 plura
1521 989 1629 1031 mihi
1675 1004 1806 1044 appa-

270 1062 449 1101 ruerunt
493 1074 622 1115 quam
663 1060 904 1102 Ritschelio
947 1060 1149 1102 editionis
1195 1056 1235 1115 p.
1268 1059 1313 1113 ὃ,
1357 1063 1504 1101 tamen
1546 1074 1634 1102 non
1668 1075 1806 1115 pauca

275 1145 383 1184 quae
415 1130 556 1173 Maius
598 1132 827 1174 extricavit
868 1146 980 1173 nunc
1010 1146 1186 1186 prorsus
1220 1133 1495 1173 evanuerunt.
1557 1129 1678 1180 Quod
1710 1146 1806 1173 cum

271 1201 334 1242 ita
375 1201 450 1252 sit,
494 1202 565 1244 hic
603 1203 695 1245 illic
732 1217 837 1244 num
876 1206 993 1244 recte
1034 1203 1108 1244 ille
1146 1200 1347 1258 legerit-5)
1387 1201 1572 1244 discerni
1602 1202 1690 1243 iam
1720 1217 1807 1245 non

271 1276 430 1327 potest.
491 1273 658 1329 Nempe
697 1274 847 1316 dubito
889 1274 940 1315 de
980 1273 1236 1328 quibusdam
1268 1273 1393 1326 locis,
1434 1272 1554 1314 velut
1584 1272 1636 1314 de
1667 1288 1705 1314 v.
1741 1273 1807 1327 14,

273 1358 400 1399 quem
438 1345 500 1387 sic
531 1345 673 1387 Maius
713 1344 841 1386 eruit:
898 1341 1804 1387 LENONEMFALLITSECOPHANTA-

273 1414 618 1471 CIECAOULA,
645 1430 741 1458 cum
768 1429 848 1471 ego
868 1416 982 1458 inter
1005 1414 1395 1458 SECOPHANTA
1416 1417 1460 1458 et
1478 1404 1676 1456 ACULA
1696 1413 1806 1455 nihil

275 1486 552 1541 dispexerim,
598 1486 829 1528 intervallo
871 1489 1017 1528 autem
1047 1489 1136 1528 tres
1167 1486 1255 1528 fere
1287 1486 1458 1528 litteras
1490 1483 1700 1527 contineri
1731 1483 1806 1526 ad-

273 1557 529 1600 notaverim.
591 1557 715 1600 Unde
747 1558 810 1599 sic
840 1567 1015 1600 versum
1045 1557 1427 1612 redintegrandum
1457 1549 1674 1612 propono:

547 1652 765 1694 Lenonem
798 1652 915 1694 fallit
947 1651 1287 1707 sycophanta[ns
1321 1649 1546 1706 c]acula⁶).

275 1746 398 1796 Quod
429 1750 578 1789 contra
614 1747 848 1803 Seyffertus
882 1749 926 1788 et
957 1747 1169 1803 Bergkius
1195 1762 1221 1790 a
1245 1747 1352 1790 Maii
1383 1746 1596 1802 scriptura
1625 1747 1808 1802 profecti

275 1832 409 1872 eoque
461 1818 590 1860 simul
635 1818 816 1860 consilio
862 1820 910 1860 ut
953 1819 1094 1860 οᾶσιιῐα
1135 1818 1384 1873 prosodiam
1427 1819 1697 1860 removerent
1745 1819 1808 1860 sic
1879 1848 1883 1849 γ

276 1889 557 1943 scripserunt:

595 1971 814 2014 Lenonem
846 1971 963 2014 fallit
994 1972 1143 2014 cacula
1174 1971 1492 2027 sycophantice.

275 2066 337 2108 At
375 2069 520 2108 metuo
559 2079 613 2107 ne
645 2066 719 2121 qui
750 2067 811 2108 ita
843 2067 1043 2108 emendat
1074 2067 1218 2121 ipsum
1250 2067 1521 2121 scriptorem,
1557 2081 1645 2109 non
1676 2067 1806 2109 libra·

277 2138 366 2179 rios
405 2137 608 2192 corrigat.
661 2136 815 2179 Camala
847 2138 962 2180 enim
992 2151 1158 2192 vocem,
1197 2152 1305 2192 quae
1337 2137 1449 2192 apud
1479 2137 1680 2180 Plautum
1711 2137 1807 2180 loco

373 2303 409 2347 5)
435 2302 470 2336 N
473 2312 519 2337 on
545 2303 671 2337 autem
696 2303 797 2337 recte
821 2302 916 2347 legit
941 2302 998 2346 (ut
1016 2301 1166 2337 mittam
1186 2313 1282 2347 qu¹e
1301 2300 1527 2337 Bitschelius
1546 2302 1585 2337 et
1597 2301 1806 2346 Geppertus

277 2361 530 2404 correxerunt)
550 2365 614 2395 v.5
634 2361 782 2405 reliquit
795 2372 860 2406 pro
875 2360 1109 2406 RELIQUTD
1128 2363 1165 2396 et
1177 2365 1264 2396 v.10
1284 2361 1522 2395 adulescentis
1531 2372 1598 2406 pro
1611 2359 1806 2396 ADULls-

278 2419 470 2461 CENTIS,
496 2420 595 2454 recte
623 2421 751 2454 contra
777 2420 874 2454 sicut
899 2419 1012 2456 etiam
1036 2419 1263 2455 Ritschelius
1288 2432 1321 2454 v.
1349 2423 1370 2455 5
1397 2419 1685 2463 SYMBOLUM,
1709 2420 1806 2455 unde

276 2478 423 2514 fallitur
449 2478 658 2523 Geppertus
683 2490 719 2522 p.
747 2482 803 2513 63.
853 2478 972 2514 Versu
998 2479 1156 2514 secundo
1183 2478 1444 2515 ECFLICTIM
1474 2478 1704 2524 probabilius
1729 2478 1807 2524 legi

277 2537 476 2572 videbatur
501 2547 613 2581 quam
639 2536 911 2572 EFFLICTIM.
953 2536 1135 2572 Similiter
1158 2537 1335 2572 Pseuduli
1352 2537 1398 2580 II,
1417 2541 1450 2581 4,
1472 2541 1516 2573 10
1535 2538 1634 2583 (701)
1659 2538 1806 2581 ecfectu-

278 2607 361 2631 rum
383 2595 619 2631 scribendum
638 2597 703 2638 est,
725 2608 808 2630 cum
822 2596 1088 2632 Ambrosianus
1101 2609 1136 2642 p.
1155 2600 1233 2640 124,
1247 2601 1268 2632 8
1282 2596 1611 2632 ETFECTURUM
1623 2597 1806 2632 exhibeat.

376 2657 412 2700 6)
440 2655 579 2691 Cacula
604 2655 703 2690 vocis
722 2655 895 2690 notitiam
917 2666 961 2690 ex
981 2655 1198 2691 Trinummo
1217 2655 1279 2699 III,
1300 2659 1332 2699 2,
1353 2658 1398 2690 95
1425 2656 1522 2699 (721)
1547 2656 1654 2692 uideo
1678 2666 1806 2691 cacu-

279 2717 365 2750 lam
389 2715 585 2749 militarem
609 2715 665 2748 me'
686 2714 857 2757 futurum
880 2714 981 2749 haud
1006 2715 1150 2760 Io'nyius
1175 2715 1416 2760 repetendam
1443 2725 1522 2750 esse
1547 2704 1668 2760 patet:
1693 2715 1806 2759 abque

278 2786 323 2810 ex
356 2774 487 2809 eadem
521 2773 651 2809 fabula
674 2774 944 2818 sycophantam
969 2773 1085 2809 fluxit.
1137 2773 1192 2809 cf.
1219 2773 1427 2809 Trinummi
1453 2775 1503 2809 111
1519 2801 1528 2816 ‚
1553 2778 1593 2817 3,
1619 2777 1662 2808 57
1690 2774 1806 2818 (787)=

279 2844 501 2878 quamquam
525 2833 590 2868 ho'c
613 2843 667 2867 me
691 2832 822 2867 aetatis
845 2827 1183 2878 sycophantari
1199 2833 1325 2878 pudet.
