1904 3106
652 147 972 189 -109—

55 269 107 298 ea.
154 269 264 311 quae
311 253 537 296 interiecta
586 256 696 295 sunt.
770 253 879 295 Vide
923 253 983 295 sis
1032 252 1123 294 eius
1172 252 1302 294 divin.
1345 251 1390 293 in
1432 250 1574 293 Plauti

56 322 227 367 curcul.
258 339 347 380 cap.
361 324 439 366 III.
471 319 739 366 ¹>Irrisionem
771 326 915 365 autem
946 323 991 365 in
1024 338 1074 365 eo
1107 323 1296 378 positam
1328 322 1431 375 vult,
1462 322 1576 378 quod

56 395 284 438 Palinurus
308 395 505 438 lenonem
531 394 752 437 ambulare
779 395 936 448 iubeat,
961 409 1047 436 non
1073 393 1267 435 nesciens
1298 406 1426 448 aegre
1451 392 1575 434 illum

56 465 185 522 pedes
213 465 411 526 proferre
449 480 594 521 posse.
654 463 735 506 Sed
773 479 1033 520 quamquam
1077 478 1206 506 unam
1246 463 1319 506 ille
1361 463 1577 518 expedivit

55 537 139 579 loci
191 536 509 590 difficultatem,
563 538 709 578 tamen
757 550 914 578 novam
964 535 1092 576 simul
1142 535 1311 577 videtur
1359 535 1575 576 invexisse
1630 582 1636 586 ,

53 606 254 662 illiusque
303 622 431 663 quam
474 606 709 648 Lambinus
757 606 904 662 tetigit
952 609 1041 648 tam
1093 621 1222 661 quam
1271 605 1383 647 lacte
1427 605 1576 647 lactist

56 677 254 720 similem.
314 677 509 720 Lienosis
542 677 656 719 enim
690 691 783 718 cum
815 676 895 718 hoc
928 676 1166 731 praecipiat
1196 674 1348 718 Celsus
1386 676 1437 717 de
1469 676 1576 719 med.

58 744 122 790 IV
165 748 211 790 9:
271 747 376 791 ‘hoc
419 748 574 790 vitium
618 747 738 803 quies
784 749 933 803 auget3
982 747 1127 801 itaque
1177 747 1483 789 exercitatione
1533 749 1577 789 et

58 819 204 862 labore
235 833 342 874 opus
374 818 460 860 est'
498 818 568 874 qui
607 832 767 873 quaeso
799 820 943 873 potest
973 817 1201 859 Palinurus
1233 809 1419 860 inridere
1450 818 1576 860 mise-

59 905 173 945 rum,
209 890 277 932 cui
309 890 592 932 saluberrima
622 889 695 931 det
725 889 987 944 praecepta?
1047 887 1143 930 Nisi
1183 888 1296 945 forte
1337 889 1475 931 credis
1518 889 1574 930 le·

56 975 211 1003 nonem
248 961 423 1003 omnino
461 960 680 1003 ambulare
718 975 806 1002 non
837 961 924 1003 iam
954 960 1167 1015 potuisse,
1210 959 1323 1015 quod
1353 959 1481 1002 facile
1513 975 1574 1002 re-

55 1031 232 1074 futatur.
275 1031 396 1074 Unde
429 1034 609 1086 apparet
638 1030 759 1072 hiare
786 1031 1066 1085 sententiam,
1096 1031 1197 1072 licet
1226 1030 1413 1073 Acidalii
1438 1034 1576 1074 trans-

56 1103 317 1157 positionem
347 1101 687 1156 comprobemus.
738 1101 859 1150 Quod
885 1101 1027 1156 ipsum
1052 1116 1164 1143 novo
1191 1115 1367 1155 possum
1391 1103 1576 1157 probare

58 1174 323 1228 argumento.
407 1165 411 1168 ⁵

175 1243 321 1285 Verba
352 1243 466 1284 enim
493 1242 608 1297 ‘quin
634 1245 682 1284 tu
708 1242 875 1297 aliquot
900 1241 990 1284 dies
1017 1242 1211 1297 perdura,
1242 1243 1342 1285 dum
1369 1244 1576 1286 intestina

58 1315 340 1368 exputescunt
374 1312 476 1354 tibi'
510 1328 543 1354 e.
576 1327 614 1368 q.
646 1329 678 1355 S.
717 1313 865 1368 procul
902 1313 1031 1355 dubio
1071 1313 1125 1355 ad
1164 1314 1281 1356 aliud
1314 1315 1576 1357 medicorum

58 1384 109 1426 de
146 1382 294 1426 eodem
325 1382 483 1425 'morbo
521 1386 798 1438 praeceptum
829 1382 1097 1425 referendum
1129 1398 1221 1425 esse
1253 1387 1296 1426 et
1325 1385 1484 1427 dudum
1515 1387 1577 1428 in-

61 1454 281 1496 tellectum
313 1457 378 1496 est
409 1458 452 1496 et
482 1453 650 1496 monuit
667 1453 944 1495 Mereklim’us
977 1454 1021 1495 in
1041 1453 1205 1508 ‘Symb.
1237 1469 1355 1510 exeg.
1387 1457 1442 1498 ad
1474 1455 1577 1499 Cur-

59 1525 139 1568 cul.
168 1523 322 1567 Plaut?
353 1523 556 1579 (Dorpati
580 1523 711 1580 1862)
741 1538 783 1578 p.
795 1523 870 1566 VI.
914 1523 1098 1566 ‘Dulcia’
1130 1525 1193 1567 ait
1224 1523 1387 1581 Celsus,
1419 1526 1577 1569 ‘omnia

58 1595 232 1638 inimica
257 1596 374 1647 sunt3
401 1626 529 1636 ......
545 1594 706 1636 edenda
733 1597 832 1636 sunt
857 1595 1169 1638 salsamenta
1194 1597 1262 1638 vel
1287 1597 1407 1638 oleae
1432 1598 1501 1639 vel
1526 1612 1577 1640 ex

60 1665 202 1708 muria
232 1664 366 1707 dura’.
426 1664 551 1706 Iubet
582 1667 726 1706 autem
757 1664 987 1708 Palinurus
1019 1667 1215 1709 lenonem
1247 1667 1413 1722 durare,
1444 1669 1577 1711 donec

59 1736 265 1778 intestina
301 1735 523 1789 labefiant3
568 1735 679 1790 quod
719 1736 868 1777 statim
905 1736 998 1777 fieri
1036 1751 1125 1779 non
1164 1751 1310 1792 posse,
1342 1753 1436 1781 cum
1468 1739 1578 1781 bene

48 1807 148 1849 sint
177 1806 335 1859 sanita,
366 1820 491 1860 posse
522 1808 669 1847 tamen
698 1806 803 1860 fieri,
835 1807 871 1848 si
895 1822 973 1862 per
998 1822 1157 1862 paucos
1182 1809 1274 1851 dies
1302 1810 1579 1852 salsamentis

62 1876 336 1930 abstinuerit3
384 1879 478 1918 tum
515 1876 629 1918 enim
665 1877 756 1919 fore
793 1880 842 1919 ut
878 1880 1001 1919 tanto
1038 1879 1179 1921 minus
1217 1876 1386 1934 ¹veneat,
1427 1880 1577 1935 quanti

64 1948 157 1990 sola
187 1947 275 1989 sint
303 1947 524 1989 intestina.

178 2017 273 2059 Iam
308 2016 405 2059 vide
442 2031 571 2071 quam
608 2018 719 2059 male
757 2018 861 2060 haec
893 2017 1087 2060 Palinuri
1124 2019 1255 2061 verba
1292 2034 1388 2062 cum
1420 2021 1481 2063 eis
1513 2036 1579 2063 co-

59 2087 284 2142 haereant,
319 2102 428 2142 quae
467 2088 594 2130 modo
637 2088 806 2130 locutus
851 2092 926 2131 est.
992 2089 1279 2145 Exspectares
1316 2092 1579 2134 mentionem

63 2162 191 2200 antea
207 2158 411 2200 iniectam
429 2159 634 2214 ciborum,
651 2174 758 2214 quos
778 2159 876 2201 leno
897 2162 945 2202 ut
963 2160 1107 2202 ederet
1125 2161 1323 2203 suaderet
1335 2162 1579 2206 Palinurus.

62 2228 196 2271 Velut
225 2243 321 2271 cum
351 2232 553 2285 negasset
582 2230 681 2272 leno
713 2231 1051 2272 ambulationem
1083 2231 1276 2273 sufficere
1309 2233 1362 2274 ad
1380 2234 1579 2276 morbum

63 2299 318 2352 tollendum,
349 2302 521 2354 poterat
553 2300 739 2342 alterum
770 2301 846 2343 ille
878 2302 1070 2356 proferre
1102 2306 1379 2357 praeceptum
1411 2308 1456 2346 et
1486 2319 1578 2359 per-

63 2381 163 2423 gere
188 2369 298 2422 leno,
324 2384 368 2410 se
395 2368 478 2412 hoc
495 2385 659 2425 quoque
679 2371 764 2412 iam
786 2372 891 2414 satis
911 2386 1120 2427 superque
1139 2373 1299 2416 frustra
1318 2374 1580 2416 adhibuisse.

63 2438 172 2485 Tum
203 2439 320 2481 iocos
351 2439 426 2481 ille
457 2440 609 2495 incipit
632 2442 943 2497 respondetque
969 2443 1080 2497 leno,
1105 2443 1229 2485 facile
1256 2458 1349 2486 esse
1374 2445 1577 2486 miserum

67 2509 270 2563 inridere,
301 2511 343 2550 et
373 2511 566 2564 persistit
597 2525 744 2554 servus
777 2513 821 2554 in
852 2512 1079 2555 irridendo.

183 2579 301 2629 Quae
344 2592 440 2620 cum
482 2580 545 2622 ita
588 2582 693 2635 sint,
737 2597 832 2624 cum
870 2587 914 2625 et
951 2587 1051 2626 ante
1089 2599 1126 2626 v.
1157 2586 1241 2626 241
1286 2585 1581 2628 desiderentur

65 2649 273 2692 nonnulla
304 2651 348 2691 et
376 2653 475 2704 post
505 2665 675 2693 versum
706 2653 810 2707 239,
852 2668 940 2695 non
970 2654 1138 2709 dubito,
1179 2655 1280 2710 quin
1313 2670 1461 2696 versus
1494 2655 1580 2696 240

66 2734 153 2761 una
184 2733 278 2761 cum
310 2718 371 2760 eis
403 2719 474 2774 qui
506 2720 810 2762 interciderant
849 2736 876 2763 a
914 2722 1091 2765 librario
1134 2723 1246 2765 forte
1284 2725 1430 2766 omissi
1464 2729 1508 2767 et
1538 2725 1579 2766 in

2 2815 10 2822 =
69 2790 261 2844 margine
293 2787 426 2830 additi
453 2788 557 2843 sint,
588 2804 767 2844 quorum
794 2805 906 2832 unus
932 2793 976 2833 in
1002 2793 1329 2834 continuitatem
1356 2794 1581 2836 verborum

70 2859 253 2913 irrepsit.
