1904 3106
724 111 1015 152 ..21-

107 216 341 273 proferam:
383 216 711 272 inscriptionem
750 215 973 270 utriusque
1009 215 1185 257 fabulae
1223 216 1421 255 accurate
1452 213 1537 254 sibi
1567 227 1630 254 re-

109 288 329 344 spondere.
390 287 512 338 Quod
550 290 694 329 autem
726 286 976 342 Sicyonium
1014 286 1127 328 idem
1159 285 1387 341 designare
1418 284 1630 326 contendo

109 374 160 402 ac
189 358 494 401 Truculentum
530 357 691 399 nemini
735 357 1052 399 subabsurdum
1090 371 1184 399 esse
1222 355 1438 398 videbitur
1475 355 1547 410 qui
1585 355 1631 396 in

108 429 362 472 memoriam
385 428 600 471 revocarit
618 443 774 470 nomen
805 427 914 469 illud
943 427 990 469 in
1014 427 1289 482 proverbium
1316 426 1486 468 abiisse.
1535 424 1629 468 Hoc

108 497 263 542 suidas
293 499 442 555 attigit
473 514 505 541 s.
537 513 574 540 v.
606 501 650 540 et
678 498 892 540 Macarius
925 497 1114 553 explieat
1144 496 1248 551 VII,
1279 497 1356 538 62:
1404 497 1630 539 (ικυώνιος

107 570 319 612 ἑπαπέδυ·
359 570 429 612 ἐπὶ
463 571 552 611 τῶν
589 569 845 620 τολμηρὸν
882 569 959 620 μέν
995 582 1034 610 τι
1078 568 1333 619 ποιούντων,
1377 567 1533 610 οὐδὲν
1576 568 1628 609 δὲ

106 639 372 683 ἀνυόντων
392 664 448 669 -
475 654 571 682 ecce
602 639 737 682 habes
769 638 1078 681 Truculentum
1109 640 1305 680 nostrum
1319 637 1373 694 ⁴³)
1405 637 1629 693 ‘perpetuo

107 709 444 753 commutatum?
505 710 625 752 Idem
675 725 773 752 vero
824 709 1068 765 significare
1119 709 1302 751 alterum
1351 709 1629 764 proverbium

105 781 321 827 Macarius
352 781 459 835 VII,
490 782 546 823 63
583 781 733 823 tradit:
781 780 1006 823 (ικυώνιος
1038 780 1260 831 δραπέτης,
1293 779 1366 820 ubi
1398 794 1495 821 cum
1527 782 1628 831 δρα-

106 853 235 904 πέτης
254 851 307 894 ad
326 867 494 894 servum
516 854 732 907 provocet,
757 851 1114 906 Harpocrationis
1140 850 1438 892 testimonium
1465 850 1629 892 accedit

105 922 160 964 ad
191 921 414 964 Menandri
447 921 695 977 Sicyonium
728 924 928 977 spectans
960 937 1000 976 p.
1036 922 1135 963 143:
1169 921 1193 962 ὁ
1225 921 1429 963 πολλάκις
1462 923 1627 976 ε’μπολῇ

0 970 31 1056 ζ
105 994 469 1046 μεταβεβλημένος
506 993 800 1045 παλίμπρατος
837 993 1153 1044 παλίμβολος
1185 993 1372 1043 λέγεται,
1404 992 1463 1033 ὡς
1495 994 1628 1044 δῆλον

106 1097 115 1105 .
136 1096 174 1106 ..
194 1065 241 1106 ἐκ
271 1067 348 1106 τοῦ
380 1064 635 1116 Μενάνδρου
666 1063 906 1107 (ικυωνίου.
966 1063 1130 1105 Eadem
1162 1062 1343 1105 Photius
1376 1062 1525 1118 habet3
1576 1063 1628 1104 cf.

105 1133 362 1177 Eustathius
398 1149 439 1190 p.
473 1135 575 1188 725,
607 1135 675 1177 82.
742 1134 806 1176 Ac
848 1138 1021 1189 poterat
1064 1149 1141 1189 per
1178 1134 1440 1185 παλίμβολος
1480 1148 1627 1175 vocem

105 1204 366 1260 Astaphium
391 1205 503 1247 male
527 1205 669 1246 dicere
689 1220 812 1247 servo
831 1205 1086 1247 truculento.
1130 1204 1460 1247 Proverbiorum
1482 1207 1627 1246 autem

103 1276 277 1319 illorum
313 1290 439 1318 usum
476 1276 558 1318 etsi
588 1275 704 1317 haud
736 1276 847 1317 male
879 1275 1373 1331 Paroemiographorum
1406 1275 1545 1318 editor
1576 1291 1627 1318 ex

105 1345 327 1389 comoedia
373 1346 653 1389 derivandum
696 1361 790 1388 esse
834 1347 1094 1402 suspicatur,
1145 1350 1293 1388 tamen
1337 1349 1488 1388 natum
1531 1361 1628 1401 pro-

103 1417 348 1472 fectumque
366 1431 459 1458 esse
479 1420 584 1471 puto
609 1431 635 1458 a
659 1417 776 1459 facto
803 1418 945 1472 aliquo
966 1415 1267 1472 Sicyoniorum
1289 1418 1626 1460 inconstantiam

106 1502 156 1530 ac
191 1487 496 1530 truculentiam
533 1487 797 1542 declarante,
840 1488 1092 1542 praesertim
1131 1503 1228 1530 cum
1265 1503 1354 1531 non
1391 1503 1500 1530 unus
1538 1487 1626 1530 Me-

106 1558 269 1600 nander
301 1556 596 1612 ‘Sicyonium'
629 1558 929 1612 composuerit.

199 1722 259 1765 43)
283 1720 495 1756 Vernacula
518 1720 648 1766 lingua
671 1731 806 1756 nomen
831 1720 1025 1765 aptissime
1050 1721 1254 1757 reddideris
1286 1727 1359 1767 per*
1380 1722 1479 1757 ‘Der
1506 1722 1625 1757 Polte-

105 1779 178 1815 rer’
212 1779 308 1824 (Ἧετ
338 1780 420 1815 tolle
443 1780 642 1825 Hitzkopf’
674 1779 843 1824 Rosssius,
883 1779 962 1815 ‘der
993 1780 1180 1815 Grobicm'
1214 1780 1395 1815 Binderus
1426 1780 1626 1826 inscripsit,

107 1837 533 1873 ‘Gourtisanenstreiche’
565 1838 756 1883 Rappius).
814 1839 984 1874 Ceterum
1016 1839 1061 1873 de
1094 1838 1267 1883 Sicyonio
1299 1840 1480 1883 tanquam
1504 1840 1626 1874 trucu-

103 1896 206 1932 lento
230 1895 454 1932 testimoniis
485 1908 621 1932 novum
651 1897 807 1932 fortasse
833 1897 878 1932 de
904 1897 1115 1932 coniectura
1140 1897 1276 1933 addere
1300 1898 1430 1933 licebit
1455 1910 1499 1933 ex
1524 1899 1624 1934 Alci-

104 1955 255 2000 phronis
278 1955 397 2000 Epist.
423 1956 470 1999 11,
495 1960 529 2000 4,
557 1961 599 1991 19
625 1957 707 1991 loco
731 1957 925 2001 lammoso,
950 1969 1023 2002 quo
1049 1957 1208 2002 Glycera
1232 1957 1477 1993 Menandrum
1502 1959 1624 1994 horta-

104 2015 183 2059 tur,
219 2015 262 2050 ut
290 2025 352 2050 eas
383 2014 431 2050 ad
455 2015 711 2050 Ptolemaeum
743 2015 875 2050 afferat
904 2015 1069 2059 fabulas,
1107 2027 1203 2061 quae
1235 2016 1395 2051 maxime
1421 2017 1624 2063 Dionysum

105 2072 184 2118 eius
207 2073 336 2108 iuvare
360 2073 519 2119 possint:
554 2074 627 2108 εἴτε
657 2075 775 2108 Θαΐδα
807 2074 879 2108 εἴτε
904 2075 1134 2116 Μιςούμενον
1166 2074 1239 2109 εἴτε
1265 2075 1521 2118 Θραςυλέοντα
1551 2077 1624 2111 εἴτε

106 2132 388 2176 Ἐπιτρὲποντας
417 2132 490 2167 εἴτε
516 2133 777 2176 Ῥαπιζομένην
810 2133 882 2168 εἴτε
908 2133 1139 2178 (ικυώ[νιον]
1163 2135 1183 2156 *
1202 2133 1223 2154 *
1241 2134 1261 2155 *
1280 2135 1358 2168 ἀλλ’
1382 2134 1440 2168 ὅτι
1466 2136 1524 2169 καὶ
1549 2135 1624 2177 ἐγὼ

104 2193 252 2234 θραεεῖα
276 2193 334 2225 καὶ
358 2191 525 2234 τολμηρά
549 2190 606 2225 τίς
629 2191 698 2234 εἰμι
723 2193 770 2226 τὰ
789 2192 1008 2236 Μενάνδρου
1035 2192 1230 2236 διακρίνειν
1250 2193 1387 2227 ἰδιῶτις
1406 2194 1506 2228 οὖςα.
1532 2195 1625 2229 ἀλλὰ

34 2262 38 2303 j
105 2251 222 2295 ςὀφὸν
257 2251 330 2293 ἔχω
368 2261 431 2284 tou
467 2250 535 2283 τὸν
572 2251 695 2293 ἔρωτα
732 2252 790 2285 καὶ
825 2252 932 2286 ταῦτ’
956 2251 1091 2286 εἰδέναι
1129 2252 1312 2286 δύναςθαι.
1367 2252 1425 2287 Ita
1463 2252 1623 2288 Seilerus

36 2324 38 2327 ’
104 2308 228 2344 locum
253 2308 421 2352 exhibet,
458 2318 568 2352 quem
599 2308 703 2343 hiare
734 2311 772 2343 et
797 2309 981 2344 sententia
1004 2309 1147 2345 indicat
1171 2311 1210 2345 et
1234 2310 1379 2346 codices
1404 2311 1517 2346 variis
1541 2313 1625 2356 post

101 2367 272 2413 (ικυω(ν)
302 2365 433 2412 spatiis
462 2366 612 2402 relictis.
663 2370 692 2402 A
725 2367 938 2403 Florentino
970 2368 1156 2413 profectus
1181 2369 1387 2404 Meinekins
1419 2370 1623 2415 supplevit:

38 2442 39 2447 =
106 2425 179 2460 εἴτε
204 2425 418 2470 (ικυώ[νιον
443 2425 509 2460 εἷθ’
535 2426 607 2470 ὅτι]
640 2427 707 2460 οὖν
738 2427 838 2461 ἄλλο.
887 2427 923 2461 τί
949 2428 990 2462 δέ
998 2439 1006 2468 ;
1039 2428 1113 2470 ἐγὼ
1139 2430 1195 2471 θρ.
1222 2429 1295 2462 κτὲ.
1346 2427 1419 2463 Sed
1443 2428 1514 2463 hoc
1540 2441 1623 2474 sup-

40 2502 42 2507 ·
104 2483 293 2530 plemento
324 2484 391 2518 εἷθ’
414 2485 472 2519 ὅτι
503 2486 570 2519 οὖν
601 2486 689 2519 ἄλλο
719 2485 831 2530 plane
861 2485 1008 2520 tollitur
1038 2487 1138 2531 quod
1168 2486 1372 2522 sententiae
1403 2488 1479 2523 vim
1511 2488 1624 2523 efficit

32 2556 34 2558 ·
106 2543 252 2578 certas
283 2542 479 2588 Glyceram
508 2543 654 2578 fabulas
685 2543 822 2588 eligere
853 2554 897 2579 ac
928 2544 1191 2580 discriminare.
1240 2546 1320 2581 Iam
1350 2557 1438 2581 vero
1470 2546 1622 2580 Macarii

44 2595 50 2598 ⁶
105 2601 220 2637 verba
237 2601 269 2636 si
286 2601 501 2647 respicimus
520 2602 578 2636 ἐπὶ
602 2605 680 2636 τῶν
703 2604 932 2646 τολμηρὸν
958 2604 1023 2646 μέν
1042 2615 1076 2639 τι
1102 2606 1175 2639 κτὲ.
1201 2616 1275 2639 non
1299 2606 1423 2650 potest
1446 2616 1520 2639 non
1544 2616 1621 2639 mo-

106 2669 192 2694 vere
225 2660 390 2694 animum
422 2660 517 2695 illud
550 2661 624 2702 ἑγὼ
659 2663 805 2704 θραςεῖα
836 2664 895 2696 καὶ
924 2663 1092 2706 τολμηρά
1122 2674 1176 2698 τις
1205 2664 1291 2707 post
1320 2662 1436 2707 ipsius
1461 2661 1623 2706 Sicyonii

0 2739 1 2748 ι
46 2760 50 2762 Ἴ
107 2719 496 2754 commemorationem
526 2718 720 2762 iniectum;
758 2719 854 2754 unde
884 2720 923 2754 in
956 2720 1120 2765 Sicyonii
1151 2720 1362 2755 temen’tate
1393 2732 1476 2755 cum
1506 2720 1622 2765 ipsius

0 2788 9 2806 ³
32 2775 54 2808 ζ
106 2775 317 2812 temeritate
343 2777 592 2822 comparanda
616 2777 774 2812 amicam
799 2778 927 2814 lusisse
953 2779 1126 2824 conicias,
1150 2781 1193 2814 ut
1216 2779 1318 2824 ipsae
1342 2778 1521 2814 librorum
1544 2781 1622 2814 tur-

0 2845 1 2850 *
35 2852 50 2882 4
107 2833 177 2870 bae
202 2834 311 2870 simul
337 2847 381 2871 ex
405 2836 563 2881 repetito
589 2835 751 2881 Sicyonii
774 2837 921 2872 nomine
946 2838 1186 2883 explicentur.
