1904 3106
771 83 1059 124 -39-

150 189 269 233 Staio
284 193 442 244 superet
465 190 633 232 muliere
658 204 832 231 servans
858 191 902 231 et
927 187 1003 231 CD
1029 189 1190 231 omisso
1218 189 1331 244 quod
1358 204 1485 232 sensu
1511 192 1677 232 careret

150 260 267 304 Staio
294 276 456 303 novum
486 276 512 303 a
539 260 709 314 Superet
736 260 910 302 mulier&
942 274 1111 302 versum
1141 259 1425 314 incipientes„
1459 259 1599 310 Quare
1630 260 1675 302 id

154 332 304 374 critico
341 331 591 374 sectandum
628 330 730 385 erit,
772 332 820 372 ut
856 330 1045 372 medium
1081 345 1254 372 versum
1292 331 1463 385 expleat
1495 331 1676 373 servatis

150 418 278 458 (1118111
315 402 500 445 maxime
537 405 581 444 et
619 403 703 444 fine
742 404 786 444 et
822 401 1047 456 principio.
1118 400 1211 443 Iam
1249 415 1326 456 per
1367 401 1478 453 Quid
1511 402 1675 444 multa?

149 474 467 517 conclusionem
497 473 682 515 indicari
714 472 750 514 si
781 475 1000 526 tenemus,
1031 471 1132 527 quid
1165 471 1282 513 aliud
1312 472 1476 525 supere&
1506 473 1678 515 muliere

149 559 243 586 esse
282 543 472 586 dicamus
514 546 642 599 atque
681 557 804 598 super
842 557 892 585 ac
930 543 956 585 i.
989 557 1022 584 e.
1062 556 1185 596 super
1212 542 1290 585 hac
1320 543 1512 594 muliere,
1553 546 1602 585 ut
1631 543 1677 586 in

152 615 294 658 medio
331 629 459 657 versu
495 614 563 656 vel
594 614 710 656 St'uic
747 614 903 656 litteris
941 613 1049 654 satis
1082 613 1343 655 conveniens
1377 614 1480 657 olim
1510 616 1549 657 si
1578 616 1680 669 quid

112 676 114 680 ’
148 689 275 729 roemt
303 685 546 727 exstiterit?
596 684 718 735 Quod
751 684 787 726 si
820 687 937 726 recte
969 686 1018 726 ut
1047 686 1151 738 puto
1184 684 1512 740 enucleavimus,
1544 686 1676 728 etiam

149 757 200 799 de
231 771 354 799 versu
386 756 459 811 (1111
492 756 686 811 sequitur
721 756 867 810 paullo
913 756 1048 798 satius
1081 755 1300 810 tutiusque
1333 757 1467 798 statui
1498 758 1675 812 poterit:

358 851 539 893 Hiscum
571 850 716 892 anima
747 849 802 891 ad
834 863 931 891 eum
961 849 1395 892 habentierceteritur

152 946 321 990 collato
354 946 467 988 enim
498 944 678 987 Poenuli
709 944 816 999 prol.
847 960 886 986 v.
922 945 1004 987 122
1025 960 1105 999 sq.:

999 1037 1165 1080 Dehinc
1197 1039 1392 1080 ceterum

363 1112 488 1162 Quod
520 1111 676 1165 restat,
706 1111 873 1152 restant
903 1109 980 1151 8111
1010 1109 1083 1164 (1111
1114 1108 1278 1151 facient
1307 1110 1453 1164 palam

147 1223 237 1250 non
276 1207 569 1250 dubitabimus
611 1205 715 1260 quin
756 1206 946 1257 extrema
982 1218 1065 1246 vox
1102 1206 1199 1246 orta
1240 1203 1298 1246 sit
1340 1219 1390 1246 ex
1420 1205 1675 1259 compendio

147 1279 260 1321 male
295 1277 518 1319 intellecto
556 1276 694 1318 cetera
733 1274 901 1330 (ceterzi
932 1272 1013 1330 D);
1056 1274 1244 1329 itemque
1276 1289 1327 1316 ex
1360 1275 1545 1318 aliorum
1576 1291 1675 1331 pro-

147 1349 347 1405 logorum
366 1347 645 1390 similitudine
676 1354 768 1388 eum
790 1345 1009 1387 habenam·
1033 1345 1326 1387 concludimus
1352 1360 1444 1387 zam
1467 1346 1567 1401 Im(c
1584 1348 1675 1402 qm)

147 1420 283 1462 bema·
311 1418 444 1460 fuisse
475 1418 545 1459 vel
576 1431 662 1459 tam
692 1416 803 1471 (qm)
833 1417 1047 1470 aduenam,
1084 1418 1133 1458 ut
1168 1417 1300 1458 veniet
1329 1417 1484 1472 saltem
1515 1420 1559 1460 et
1588 1419 1675 1460 iam

150 1490 238 1532 fere
268 1492 387 1532 certa
417 1488 516 1530 sint.
578 1486 772 1542 Denique
804 1501 901 1529 cum
932 1488 975 1528 et
1007 1486 1293 1529 adulescentis
1324 1501 1511 1542 persona
1541 1489 1674 1544 signi-

147 1560 315 1603 ficanda
345 1559 403 1601 sit
427 1557 631 1600 ‘ceterum
657 1572 784 1612 super
809 1557 891 1599 hac
915 1556 1108 1598 muliere'
1135 1557 1208 1612 qui
1239 1557 1433 1612 proferat
1464 1561 1508 1601 et
1531 1560 1675 1615 ipsum

148 1630 316 1673 dicendi
352 1630 532 1671 verbum
568 1628 718 1670 eodem
748 1628 844 1669 1080
875 1627 1139 1669 desideretur
1170 1642 1254 1682 quo
1286 1628 1405 1682 prior
1435 1644 1582 1671 versus
1613 1630 1674 1673 la-

148 1716 304 1744 cunam
334 1714 487 1755 passus
519 1701 606 1754 est,
635 1714 783 1741 versus
816 1698 870 1740 ad
900 1698 1032 1739 talem
1065 1698 1250 1753 speciem
1280 1700 1465 1755 refingo:

361 1792 473 1843 Quid
507 1792 672 1834 multa?
705 1792 741 1833 si
771 1790 873 1846 quid
904 1791 1039 1832 restat
1070 1805 1198 1846 super
1227 1792 1307 1834 hac
1339 1793 1531 1848 muliere,

359 1863 521 1915 Eccum
553 1864 704 1905 amans
735 1862 931 1904 narrabit
962 1861 1051 1903 iam
1080 1862 1166 1904 11118
1198 1864 1271 1918 qui
1296 1864 1440 1906 veniet
1471 1867 1672 1908 ceterum.

149 1958 267 2001 Haec
297 1958 433 2015 igitur
461 1958 507 1999 ni
538 1957 839 2011 improbantur
859 1980 914 1985 —
940 1971 989 1998 ac
1019 1957 1314 2010 probabiliora
1346 1958 1502 2000 saltem
1528 1959 1671 2001 viden-

148 2031 220 2071 tur
250 2044 380 2085 quam
410 2031 649 2071 ceterorum
674 2029 920 2069 commenta
939 2051 1008 2081 -—‚
1038 2027 1147 2068 nihil
1178 2027 1224 2068 in
1254 2028 1350 2082 ipso
1381 2029 1555 2084 prologi
1586 2030 1670 2072 fine

151 2099 429 2154 desideratur,
458 2099 543 2141 nisi
575 2098 795 2141 sollemnis
827 2099 1120 2152 spectatorum
1150 2097 1379 2154 adlocuti0‚
1410 2100 1544 2142 velut:

364 2193 610 2234 Tantumst:
643 2192 801 2246 valete,
833 2174 977 2233 adeste
1009 2207 1106 2233 cum
1137 2192 1312 2234 silentio

151 2286 221 2328 vel
251 2287 339 2328 tale
370 2287 484 2342 quid.

184 2397 191 2403 ,
269 2355 432 2399 Contra
468 2357 511 2399 in
551 2357 612 2398 eis
650 2371 760 2411 quae
803 2357 1061 2398 antecedunt
1090 2357 1204 2398 haud
1236 2372 1372 2412 pauca
1403 2359 1671 2401 intercidisse

151 2426 310 2468 dudum
341 2442 391 2469 ex
422 2443 460 2469 v.
483 2427 536 2469 18
567 2426 855 2481 Kiesslingius
887 2426 914 2468 1.
946 2441 978 2467 s.
1010 2441 1042 2468 8.
1073 2441 1112 2480 p.
1133 2427 1217 2468 618
1250 2427 1398 2469 evicit:

363 2507 431 2550 Ea
462 2509 507 2549 88
538 2507 755 2562 peperisse
786 2511 967 2562 puerum
999 2502 1174 2551 simulat
1204 2507 1351 2551 militi.

156 2589 270 2631 Nam
302 2605 398 2631 cum
428 2589 639 2631 nihildum
663 2590 714 2631 (18
739 2590 874 2632 milite
900 2590 1059 2632 dictum
1086 2589 1152 2645 sit,
1183 2590 1317 2632 cuivis
1343 2590 1466 2633 facile
1492 2595 1670 2646 apparet

155 2659 217 2700 ita
247 2659 430 2714 primam
461 2659 551 2701 eius
582 2660 843 2702 mentionem
868 2660 958 2702 fieri
982 2660 1173 2715 nequire3
1205 2660 1390 2715 itemque
1416 2676 1502 2702 non
1529 2662 1669 2703 solum

155 2729 207 2770 de
243 2729 475 2771 Diniarcho
520 2731 563 2771 et
604 2729 810 2772 Strabace
855 2730 1068 2786 agendum
1112 2734 1221 2785 erat,
1265 2732 1337 2773 sed
1381 2734 1480 2773 ante
1524 2732 1670 2773 omnia

154 2799 284 2841 etiam
316 2799 366 2841 de
397 2800 492 2855 ipso
523 2815 655 2854 puero
688 2801 923 2856 supposito,
953 2817 1078 2856 quem
1109 2802 1334 2843 Diniarchi
1366 2802 1500 2857 ipsius
1531 2803 1669 2844 filium
