1904 3106
882 80 1203 123 *112-

664 188 690 240 ξ
724 187 763 229 3.
824 187 1016 230 Versus
1048 188 1436 244 transponendi.

404 270 677 335 Quantopere
718 271 763 312 in
795 270 1008 313 Plautinis
1049 271 1209 314 fabulis
1250 273 1473 326 peceatum
1514 271 1572 312 sit
1611 271 1808 313 versibus
1840 266 1842 269 ’

283 355 511 396 perperam
552 340 602 382 de
635 341 730 383 loeo
764 341 974 383 submotis
991 340 1041 398 ²3)
1082 345 1233 384 notum
1274 345 1340 384 est
1376 341 1576 384 omnibus
1621 342 1694 397 qui
1742 342 1810 384 vel

284 426 444 466 paucas
489 414 687 454 accurate
730 414 1038 456 tractaverunt.
1113 413 1260 455 Placet
1302 413 1372 455 hie
1416 429 1466 455 ex
1503 412 1683 468 Epidico
1707 412 1810 471 'duo

285 483 482 538 exempla
513 497 763 538 proponere.

406 554 508 597 Post
539 553 603 594 III
637 554 675 609 3,
707 554 763 595 49
799 558 1000 597 secuntur
1031 556 1076 597 in
1108 556 1181 599 Β]
1211 555 1257 598 hi
1290 570 1456 598 versus:

347 625 476 680 Atqu,
507 625 614 666 haee
640 625 790 667 stultia
818 628 858 666 st
884 625 1095 680 (stulticia
1121 629 1187 669 est
1205 625 1253 682 J)
1284 641 1352 668 me
1383 626 1449 668 illi
1480 626 1595 668 uieio
1621 625 1744 680 (vitio
1764 624 1813 680 J)

855 700 1025 739 uertere
1053 696 1237 753 (uertere
1262 697 1321 754 J).
1354 699 1528 753 egomet
1553 696 1665 751 quod
1689 695 1812 738 faeti-

854 768 946 810 taui
976 768 1314 810 inaduleseentia

660 853 755 880 eum
787 830 1031 880 militabam
1063 839 1221 894 pugnis
1253 838 1541 881 memorandis
1573 838 1692 880 meis.
1724 852 1814 880 era-

856 910 1008 952 dicaba
1039 910 1218 953 hominu

347 982 521 1038 Auressss
554 981 715 1037 (aureis
747 979 794 1036 J)
828 981 997 1036 quando
1030 995 1292 1036 oeeeperam.
1336 981 1375 1024 S’
1408 996 1458 1037 qs
1487 981 1559 1024 hic
1590 981 1612 1023 ὅ
1645 996 1678 1024 e.
1711 995 1749 1037 q.
1781 995 1815 1025 s,

287 1053 336 1095 In
379 1052 406 1094 J
440 1052 559 1094 deest
591 1067 628 1093 v.
661 1052 688 1093 2
720 1052 1058 1104 inadulesoentia‚
1090 1053 1135 1099 in
1166 1053 1360 1108 margine
1392 1055 1458 1095 est
1488 1052 1815 1103 adulescentiam,

288 1125 398 1167 unde
436 1126 481 1166 in
519 1124 676 1165 falsum
714 1124 857 1165 locum
894 1124 1069 1178 irrepsit
1104 1124 1149 1166 in
1187 1124 1470 1167 deterioribus
1501 1124 1637 1166 libris.
1699 1122 1815 1173 Quos

288 1210 436 1238 versus
476 1209 526 1236 eo
559 1209 643 1249 quo
675 1193 826 1236 traditi
858 1197 958 1236 sunt
995 1195 1090 1237 loeo
1123 1194 1227 1237 ferri
1257 1210 1343 1238 non
1375 1209 1502 1250 posse
1533 1209 1658 1236 nemo
1689 1207 1817 1249 nega-

288 1267 371 1322 bit,
419 1264 760 1319 transpositique
800 1267 900 1306 sunt
938 1265 1097 1306 dudum
1130 1266 1183 1308 ab
1216 1265 1414 1308 Aeidalio
1446 1268 1548 1320 post
1578 1265 1643 1307 III
1674 1265 1715 1320 4,
1750 1265 1816 1308 19.

288 1338 413 1381 Hane
453 1338 597 1379 autem
635 1335 708 1390 qui
741 1335 927 1390 amplexi
961 1339 1063 1378 sunt
1094 1336 1403 1392 coniecturam,
1441 1351 1514 1379 eos
1544 1350 1718 1379 neeesse
1751 1338 1818 1378 est

290 1412 479 1451 statuere
512 1406 690 1450 eandem
716 1406 804 1448 iam
831 1407 1166 1449 Ambrosianum
1192 1407 1336 1450 labem
1367 1408 1563 1463 traxisse,
1595 1408 1667 1463 qui
1693 1422 1815 1463 quar-

288 1483 379 1521 tam
420 1492 619 1521 scaenam
658 1494 683 1519 a
720 1492 845 1520 versu
882 1479 934 1519 14
974 1493 1152 1533 prorsus
1190 1478 1285 1533 pari
1323 1493 1419 1520 eum
1451 1477 1525 1520 BJ
1562 1478 1711 1520 ordine
1750 1492 1818 1520 ex-

289 1551 423 1592 hibet.
484 1548 567 1592 Sed
598 1549 700 1591 licet
732 1549 940 1604 dubitare,
970 1564 1071 1591 num
1105 1548 1217 1591 forte
1249 1549 1406 1590 rectius
1438 1550 1539 1603 post
1569 1560 1743 1591 versum
1763 1549 1814 1590 11

290 1622 478 1663 eiusdem
500 1634 676 1662 scaenae
698 1620 975 1675 collocentur,
995 1620 1069 1662 ubi
1090 1619 1251 1674 aliquid
1271 1619 1493 1661 turbatum
1520 1634 1613 1661 esse
1637 1619 1818 1662 videtur.

292 1692 413 1742 Quod
440 1694 538 1733 utut
566 1692 665 1746 erit,
697 1690 748 1732 de
774 1691 870 1745 ipsa
894 1690 1203 1745 transponendi
1223 1690 1478 1732 necessitate
1499 1692 1586 1731 stat
1604 1689 1821 1732 iudicium.

411 1762 580 1805 Certius
622 1761 802 1803 iudicari
843 1776 970 1816 posse
1012 1761 1212 1802 existimo
1255 1761 1305 1802 de
1346 1760 1470 1816 Epid.
1510 1760 1527 1802 I
1565 1762 1607 1816 l,
1638 1761 1693 1802 27
1715 1775 1818 1816 sqq.‚

293 1850 400 1890 quos
433 1834 542 1876 tales
575 1832 710 1874 edidit
741 1830 1003 1887 Geppertus:
1579 1822 1586 1827 ’

509 1902 590 1945 Sed
624 1903 726 1958 quid
758 1903 851 1945 ais?
895 1901 1093 1945 THESP.
1126 1903 1238 1953 Quid
1271 1902 1387 1945 aliud
1419 1902 1578 1958 rogas?
1617 1902 1704 1945 ΕΡ.
1734 1901 1821 1944 Ubi

1147 1988 1266 2016 arma
1298 1975 1399 2015 sunt
1430 1971 1741 2028 Stratippocli?
1772 1983 1817 2015 2⁷

352 2044 550 2087 THESP.
583 2045 661 2086 Pol
692 2045 769 2086 illa
802 2045 853 2086 ad
885 2045 1033 2087 hostes
1065 2043 1421 2099 transfugerunt?
1482 2043 1568 2086 ΕΡ.
1602 2042 1822 2086 Armane‘?
1894 2035 1904 2107 'J

1147 2113 1347 2157 THESP.
1372 2115 1513 2170 Atque
1533 2114 1703 2170 quidem
1723 2113 1821 2156 cito.
1900 2119 1904 2134 ³

356 2189 442 2231 ΕΡ.
505 2187 683 2229 Serione
715 2188 822 2229 dieis
854 2188 996 2230 istue‘?
1047 2186 1247 2229 THESP.
1279 2186 1418 2241 Serio,
1449 2186 1642 2241 inquam:
1673 2184 1821 2226 hostes

1151 2257 1179 2298 h
1210 2258 1324 2298 bent.
1898 2270 1904 2287 ¹

356 2330 441 2373 ΕΡ.
503 2329 668 2383 Edepol
701 2329 868 2371 facinus
895 2328 1159 2383 improbum!
1183 2272 1391 2369 &PHESR
1423 2326 1484 2368 At
1510 2326 1597 2368 iam
1623 2327 1722 2368 ante
1747 2325 1822 2367 alii
1896 2374 1904 2382 l

1149 2399 1345 2440 fecerunt
1376 2398 1501 2440 idem.
1775 2407 1822 2438 30
1898 2413 1904 2431 ¹

511 2471 608 2513 Erit
634 2471 697 2513 illi
724 2471 801 2512 illa
826 2485 893 2512 res
920 2470 1086 2512 honori.
1117 2469 1204 2511 ΕΡ.
1225 2469 1336 2519 Qui?
1369 2467 1568 2511 THESP.
1590 2468 1700 2518 Quia
1723 2469 1823 2509 ante

1150 2540 1249 2582 aliis
1280 2540 1374 2582 fuit.

398 2651 454 2693 13)
481 2645 833 2682 Luculentissimum
860 2645 1070 2690 exemplum
1096 2645 1250 2690 praebet
1275 2643 1422 2679 Asin.V
1438 2647 1471 2687 2,
1498 2643 1562 2679 ubi
1587 2655 1619 2679 v.
1636 2646 1823 2678 893—-906

301 2705 533 2743 Fleckeiseni
558 2705 628 2740 hoc
653 2704 781 2739 ordine
808 2704 846 2738 in
874 2703 942 2738 BD
969 2703 1206 2739 exhibentur:
1233 2707 1312 2739 893.
1334 2706 1414 2738 895.
1434 2705 1513 2737 898.
1536 2706 1614 2737 901.
1637 2705 1715 2737 902.
1743 2704 1823 2736 903.

301 2771 380 2802 894.
413 2769 493 2801 899.
526 2768 605 2799 900.
639 2766 718 2798 896.
750 2766 830 2797 897.
864 2766 943 2797 904.
971 2765 1048 2798 905.
1077 2766 1155 2797 906.
1183 2765 1251 2797 895
1277 2761 1328 2805 (in
1354 2763 1485 2805 marg.)
1511 2763 1579 2795 898
1605 2760 1658 2806 (in
1681 2760 1826 2804 marg).

300 2827 378 2861 Nee
398 2824 585 2868 discrepat
604 2822 638 2865 J,
657 2821 728 2856 nisi
748 2821 845 2866 quod
867 2820 1008 2856 omittit
1028 2833 1153 2856 versus
1174 2821 1209 2855 in
1231 2819 1398 2863 margine
1419 2819 1642 2863 adscriptos3
1663 2818 1707 2853 ef.
1722 2821 1823 2862 p.74.
