1904 3106
658 135 978 178 —155—

126 240 1400 296 ACTmESTDEMffl——TUMUTUAM

174 325 375 370 DRACK
628 323 1562 381 REUNAMMmQUAMQRASREDDA-

1429 393 1519 428 ΤΙΒι
1529 393 1580 451 10)

55 482 185 536 atque
216 479 466 522 lacunarum
497 479 639 534 spatia
670 494 696 521 a
727 479 1039 534 supplementis
1066 494 1088 521 e
1114 479 1410 521 Palatinorum
1435 492 1579 520 recen·

55 551 175 593 sione
205 549 403 606 petendis
432 564 520 592 non
551 549 781 592 abhorrere
813 550 1052 605 videantur,
1084 550 1145 592 sic
1176 550 1378 592 restituo:

137 619 338 663 Acttimst
367 620 418 662 de
449 635 517 662 me
548 620 686 663 hodie.
730 621 803 663 sed
835 624 960 676 potes
991 625 1039 662 tu
1071 623 1265 663 mutuam

137 691 430 734 Drachumam
462 691 564 734 dare
595 706 724 734 unam
756 690 877 746 mihi,
908 706 1037 747 quam
1069 705 1162 733 cras
1193 689 1372 732 reddam
1404 690 1519 732 tibi?

54 773 139 816 Pro
176 777 220 816 tu
256 773 444 816 Palatini
480 788 607 829 mmo,
644 789 728 830 qua
765 774 918 816 vocula
955 788 1041 815 non
1079 773 1221 815 minus
1259 775 1360 827 apte
1398 775 1580 826 caretur,

54 859 183 900 quam
214 844 252 887 si
282 859 361 887 nos
392 844 618 887 vernacule
643 845 842 887 dicimus:
875 843 1051 886 ‘kannst
1076 844 1132 886 du
1158 844 1241 885 mir
1269 843 1391 886 einen
1418 843 1579 885 Thaler

57 914 278 971 borgen?'.

172 986 314 1029 Versu
351 987 406 1029 88
446 1001 468 1028 e
501 986 798 1029 Palatinorum
834 987 954 1040 quide
984 1001 1012 1028 a
1048 985 1275 1028 drachuma
1311 984 1578 1027 Ritschelius

56 1057 294 1100 rectissime
324 1057 428 1099 fecit
455 1058 557 1111 quid
584 1071 632 1099 ea
661 1057 898 1099 draelzuma.
938 1057 1024 1100 Ubi
1049 1071 1103 1098 ne
1130 1057 1197 1099 eui
1221 1057 1442 1099 tantillum
1468 1070 1582 1098 scru-

54 1127 152 1188 puli·
194 1127 347 1170 iniciat
394 1127 704 1182 Porphyrionis
747 1129 848 1182 quid
887 1129 941 1170 de
982 1127 1199 1182 drach-ma,
1242 1127 1580 1169 Ambrosianum

56 1196 615 1255 QOEDEADRAGKUMA
646 1199 845 1240 exhibere
878 1199 998 1240 sciat.
1058 1199 1122 1240 Ac
1158 1212 1211 1239 ne
1248 1192 1294 1239 in
1326 1212 1375 1239 eo
1409 1197 1580 1252 quidem

54 1267 131 1323 qui
167 1268 360 1323 sequitur
396 1283 522 1311 versu
563 1269 823 1311 scholiastae
861 1269 1076 1323 scriptura
1102 1269 1327 1322 pendulum
1361 1292 1410 1298 -
1446 1282 1580 1323 eaque

55 1338 126 1380 vel
161 1353 238 1394 per
268 1353 314 1380 se
343 1343 541 1395 spectata
570 1340 699 1394 longe
728 1339 1028 1394 posthabenda.
1058 1343 1125 1381 est
1155 1339 1454 1380 Palatinorum
1478 1353 1579 1392 pen—

55 1421 172 1464 silem
205 1445 255 1452 -
289 1421 574 1476 palimpsesto
605 1421 865 1473 defenditur,
897 1422 969 1463 ubi
1001 1422 1089 1478 legi
1122 1408 1408 1477 PENfflLE‘.

173 1490 347 1534 Dudum
397 1492 667 1535 intellectum
718 1494 784 1534 est
824 1492 871 1534 in
918 1491 987 1534 his
1031 1491 1331 1534 Palatinorum
1380 1491 1576 1533 versibus

59 1559 132 1618 (91
168 1561 297 1618 sqq.):

159 1643 281 1694 Quis
312 1645 371 1687 mi
402 1643 538 1699 igitur
568 1644 844 1686 drachumam
876 1644 1036 1699 reddet,
1068 1645 1104 1686 si
1136 1642 1327 1686 dederim
1358 1645 1472 1687 tibi?

175 1714 246 1757 An
275 1717 324 1757 tu
354 1718 398 1757 te
430 1729 481 1757 ea
511 1729 640 1757 causa
670 1714 737 1757 uis
770 1716 907 1757 sciens
940 1715 1216 1770 suspendere,

174 1784 238 1828 Ut
267 1787 336 1827 me
366 1785 564 1828 defrudes
596 1785 841 1840 drachma,
873 1786 910 1827 si
941 1783 1130 1828 dederim
1161 1785 1272 1828 tibi?

60 1867 224 1923 aliquid
258 1869 481 1911 turbatum
519 1883 630 1923 esse,
668 1868 873 1923 quoniam
903 1869 1083 1910 tolerari
1113 1869 1263 1924 nequit
1294 1869 1476 1912 iteratus
1507 1870 1582 1913 ille

60 1938 200 1980 exitus
229 1939 269 1981 si
297 1939 474 1981 dederim
505 1938 588 1980 tibi.
638 1937 775 1987 Quem
804 1938 1068 1980 Ritschelius
1101 1953 1123 1980 e
1154 1939 1286 1981 tertio
1318 1941 1364 1982 in
1394 1941 1581 1995 primum

59 2009 282 2063 irrepsisse
320 2011 363 2050 et
398 2009 515 2051 aliud
547 2008 766 2064 quiddam,
803 2009 921 2050 velut
956 2023 1076 2062 quom
1107 2011 1189 2052 eris
1218 2011 1415 2066 mo'rtuos,
1450 2027 1582 2066 pepu-

60 2080 165 2122 lisse
202 2079 399 2122 coniecit:
449 2082 577 2134 atque
621 2078 934 2120 adsentientem
976 2078 1130 2121 habuit
1166 2079 1428 2124 Lorentium.
1487 2081 1582 2123 Iam

61 2150 281 2192 videamus
319 2149 419 2204 quid
458 2149 551 2203 opis
588 2148 701 2190 ferat
738 2149 1054 2203 palimpsestus.
1115 2150 1221 2192 Eius
1253 2167 1294 2206 p.
1325 2152 1424 2206 346,
1454 2152 1505 2194 19
1540 2155 1584 2195 et

66 2220 161 2275 135,
189 2220 224 2262 1.
250 2221 278 2262 2
308 2220 414 2264 haec
444 2220 666 2262 exhibent:

42 2326 47 2330 -
100 2300 1565 2360 QmsmmlerrtjRD———AMREDDETQDEDEROTIB1

99 2370 1332 2430 ANTUTEEAcAthSAUISscinNssUSPENDERE

99 2442 1398 2501 UTMEDEFRAUDESDRACKMAMSIDEDERiMTIffl

63 2525 173 2566 unde
217 2527 397 2579 apparet
433 2525 598 2568 leviora
633 2527 787 2569 menda
824 2528 1038 2582 corrigere
1073 2529 1412 2570 vetustissimam
1453 2543 1583 2570 mem—

63 2595 262 2637 branam:
303 2609 405 2637 nam
440 2594 736 2639 Palatinorum
775 2597 822 2638 in
858 2598 997 2651 primo
1035 2599 1212 2641 dederim
1249 2614 1270 2640 e
1307 2599 1449 2640 dedero
1491 2598 1582 2640 sine
1669 2632 1677 2638 .

160 2736 218 2778 10)
245 2733 478 2779 Quamquam
507 2734 660 2779 quintae
693 2746 717 2770 a
740 2735 811 2771 fine
836 2736 985 2772 litterae
1010 2747 1128 2782 paene
1154 2736 1248 2771 nihil
1273 2736 1433 2772 discerni
1458 2738 1583 2781 potest

66 2795 178 2837 atque
197 2793 242 2802 ‘⁸‘
261 2803 373 2836 supra
397 2794 575 2839 scriptum
599 2805 749 2839 prorsus
772 2796 934 2839 evanuit,
959 2797 1086 2831 tamen
1106 2795 1215 2830 reddo
1235 2794 1375 2829 minore
1396 2805 1479 2829 cum
1499 2806 1583 2839 pro-

65 2849 264 2886 babilitate
288 2851 437 2897 legitur.
