1904 3106
732 100 1023 142 „45-

175 203 372 246 Athenas
403 205 580 247 trastuli
610 205 693 247 hoc
723 206 841 247 ubist
871 203 1244 260 proscaeniumffl).

120 273 348 318 Postremo
380 275 612 331 adiungam
643 290 694 318 ex
725 276 869 318 verbis
901 290 996 317 cum
1028 275 1178 330 Lipsio
1210 275 1412 316 correctis

328 357 588 412 Perparvam
620 360 787 412 partem
818 358 1011 412 postulat
1042 357 1223 399 Plautus
1255 357 1339 399 loci

326 426 392 469 De
424 429 582 471 moeris
613 430 783 484 magnis
817 430 947 484 atque
979 429 1169 470 amoenis
1202 429 1426 470 moenibus

115 512 312 552 accurate
343 509 483 552 evinci
513 510 626 553 intra
658 526 803 554 muros
834 511 1087 566 moeniaque
1113 510 1275 552 Romae
1300 514 1393 552 tum
1419 510 1637 551 theatrum

117 581 382 622 exstructum
412 594 516 623 esse.

235 684 318 728 Sed
348 686 430 728 hoc
461 687 558 729 loco
583 688 784 742 quoniam
811 688 1026 743 insignem
1058 689 1299 730 litterarum
1329 688 1470 730 lusum
1497 688 1639 729 alieno

116 757 292 799 invento
322 771 424 799 usus
455 757 642 813 restitui,
682 759 889 800 nonnulla
926 774 976 800 ex
1015 759 1183 801 schedis
1221 760 1328 801 meis
1366 760 1638 814 interponere

113 827 245 870 liceat
275 827 329 870 ad
359 827 470 869 idem
501 842 636 884 genus
667 829 940 884 pertinentia.

233 898 376 954 Atque
406 899 531 940 unius
570 899 738 954 quidem
771 900 1092 943 allitterationis
1134 900 1449 955 recuperandae
1487 914 1637 940 ansam

113 968 210 1023 ipsa
227 967 473 1010 Truculenti
499 970 708 1011 memoria
731 971 921 1024 praebet.
962 970 1136 1012 Etenim
1162 985 1258 1012 cum
1278 971 1517 1012 rectissime
1537 973 1639 1024 post

2 1015 7 1037 ξ
60 1058 65 1062 -
116 1037 439 1081 Doederlinium
464 1039 752 1096 Kiesslingius
777 1041 803 1082 l.
830 1056 862 1082 s.
889 1056 920 1083 s.
952 1056 991 1096 p.
1011 1042 1098 1083 620
1128 1041 1366 1083 defenderit
1388 1055 1551 1095 pessum
1586 1056 1636 1082 ex

105 1123 347 1163 perversum
377 1109 653 1152 derivandum
685 1126 795 1166 esse,
833 1114 882 1153 ut
910 1125 1122 1167 ffloswm,
1153 1126 1348 1166 morsum
1385 1127 1437 1154 ex
1467 1126 1636 1165 provor-

110 1178 282 1235 sum35),
312 1194 400 1223 non
426 1181 694 1236 neglegenda
719 1185 784 1223 est
809 1182 966 1224 codicis
993 1181 1026 1224 C
1047 1183 1260 1238 scriptura
1277 1182 1311 1237 I,
1334 1183 1370 1233 1,
1388 1183 1441 1224 15
1471 1184 1636 1236 quando

111 1250 215 1292 abiit
242 1254 324 1293 rete
344 1266 547 1307 perstem,
578 1267 684 1308 quae
717 1252 911 1307 quamvis
943 1253 1069 1295 facile
1089 1268 1185 1295 cum
1206 1253 1380 1308 Hoppio
1401 1253 1512 1295 Anu.
1532 1253 1635 1308 phil.

111 1323 143 1362 t.
168 1319 289 1363 CVII
318 1337 359 1377 p.
384 1323 471 1364 244
503 1337 619 1365 mero
653 1324 788 1365 errori
818 1324 950 1366 tribui
982 1324 1140 1378 possit,
1171 1339 1220 1366 eo
1252 1325 1458 1366 libentius
1490 1327 1635 1365 tamen

111 1392 386 1447 retinebitur,
429 1393 529 1448 quia
564 1408 651 1435 non
690 1394 816 1436 modo
857 1394 1016 1449 optime
1054 1409 1151 1436 cum
1187 1395 1423 1450 veriloquio
1462 1395 1633 1437 aliunde

110 1462 199 1504 iam
229 1462 404 1506 invento
436 1464 624 1506 concinit
653 1464 781 1519 idque
812 1465 952 1520 ipsum
985 1464 1290 1522 confirmat⁸⁰)‚
1323 1481 1469 1507 verum
1502 1466 1635 1507 etiam

112 1532 220 1574 alias
251 1547 338 1576 non
370 1534 462 1575 sine
492 1534 636 1576 fructu
668 1535 863 1577 adhiberi
894 1538 1051 1590 potest.
1110 1536 1225 1579 Nam
1256 1536 1373 1578 Pers.
1404 1552 1442 1578 v.
1470 1537 1575 1579 740:

207 1651 268 1694 84)
294 1649 472 1685 Similiter
497 1652 689 1695 corruptus
714 1651 930 1696 perhibetur
954 1651 1065 1687 Poen.
1091 1653 1184 1697 prol.
1211 1666 1244 1688 v.
1266 1657 1330 1688 57:

357 1708 475 1743 Locus
500 1712 717 1754 argumento
743 1711 801 1744 est
826 1722 933 1744 suum
958 1710 1097 1754 s(c)ibis
1123 1711 1371 1755 proscenium,

109 1776 220 1809 quem
245 1765 401 1810 pessime
421 1767 628 1812 Geppertus
653 1769 705 1803 nil
730 1768 802 1803 nisi
825 1769 898 1804 sibi
922 1771 1070 1805 mutans
1095 1771 1305 1815 postposuit
1323 1771 1489 1806 versibus
1510 1776 1565 1807 56.
1588 1777 1631 1808 58

110 1825 225 1868 (nunc
253 1825 413 1860 rationes
443 1827 590 1871 ceteras)
622 1827 803 1872 Accipite,
837 1839 923 1862 nam
955 1833 1206 1873 aryumentum
1236 1830 1301 1864 hoc
1331 1830 1391 1864 hic
1421 1832 1630 1866 censebitur.

117 1881 189 1917 Vos
211 1883 390 1919 iuratores
415 1885 518 1919 estis:
542 1895 690 1930 quae80,
715 1897 860 1930 operam
884 1887 976 1922 date.
1015 1887 1142 1922 Verba.
1164 1877 1365 1923 censebitur
1389 1890 1427 1924 et
1451 1890 1632 1924 iuratores

109 1942 237 1977 notam
270 1942 434 1977 inferunt
466 1943 512 1978 de
541 1944 792 1988 spectatorum
826 1944 963 1979 iudicio
998 1944 1075 1980 fere
1113 1945 1305 1981 iudiciario
1335 1947 1630 1990 translationem,

109 2000 207 2035 unde
230 2003 388 2046 apparet
412 2014 446 2036 v.
467 2006 511 2036 5⁷
537 2005 747 2047 aryumento
772 2013 816 2038 ex
841 2015 877 2038 v,
897 2007 942 2038 56
967 2003 1065 2038 male
1090 2004 1290 2049 repetitum
1314 2017 1537 2051 versumque
1562 2006 1631 2040 tali

109 2058 255 2094 ratione
278 2059 535 2105 corrigendum
560 2071 640 2096 esse
665 2061 724 2105 (cf.
751 2061 928 2097 Ritsehel.
953 2063 1100 2108 Parerg.
1126 2075 1162 2107 p.
1184 2066 1286 2108 210):

156 2117 275 2152 Locus
300 2118 524 2153 arbiterio
550 2120 633 2154 suos
658 2119 767 2155 sibist
790 2121 1059 2165 proscaenium.
1094 2121 1170 2157 Vos
1188 2122 1369 2158 iuratores
1388 2124 1487 2159 e'stis.

203 2178 265 2220 85)
290 2175 475 2222 Imprimis
505 2179 607 2214 valet
637 2179 733 2223 quod
762 2179 925 2224 ‘pessum
950 2180 1019 2215 ire'
1054 2180 1114 2224 (cf.
1142 2181 1407 2217 ‘transversum
1434 2183 1510 2227 agi’
1550 2183 1630 2217 ‘ad-

111 2246 256 2271 versum
274 2235 358 2280 ire')
383 2237 554 2281 primitus
574 2237 758 2283 signifieat
778 2238 1043 2283 ‘descendere',
1071 2239 1326 2274 ‘durchwiirts’
1357 2241 1414 2275 ‘in
1432 2242 1490 2276 die
1513 2242 1545 2275 T
1544 2241 1626 2284 ies'e’

111 2293 171 2338 (cf.
196 2293 291 2328 Rud.
316 2306 350 2329 v.
370 2298 456 2338 3953
493 2295 598 2333 Truc.
624 2297 657 2340 I,
686 2301 722 2341 1,
745 2299 818 2341 15),
855 2299 897 2332 ut
926 2309 999 2333 non
1024 2298 1279 2334 confundenda
1310 2299 1358 2334 sit
1388 2300 1497 2335 huius
1528 2301 1629 2335 vocis

110 2351 217 2387 radix
241 2363 325 2387 cum
345 2354 456 2397 pestis
480 2354 710 2400 aliorumque
734 2356 999 2391 vocabulorum
1023 2356 1218 2402 principio.
1254 2358 1355 2393 Alias
1380 2359 1628 2395 derivationes

109 2410 193 2446 vide
230 2410 278 2446 sis
315 2412 415 2456 apud
443 2412 613 2448 Fiekium
646 2413 785 2459 ‘Vei-ql.
819 2414 916 2450 Wb.’
944 2427 980 2460 p.
1009 2419 1094 2459 1163
1137 2415 1301 2452 Corssen.
1330 2416 1460 2452 ‘Beitr.
1493 2429 1523 2453 z.
1549 2418 1628 2452 ital.

110 2467 301 2512 Sprachlcss
329 2482 364 2514 p.
386 2474 465 2507 333.

207 2529 266 2571 86)
291 2527 385 2562 Item
406 2529 507 2563 aliud
524 2530 770 2575 veriloquium
783 2531 1037 2567 Plautinorum
1062 2533 1240 2567 librorum
1260 2533 1452 2578 scripturis
1471 2535 1630 2570 stabiliri

108 2586 248 2630 potest3
273 2586 382 2629 ferme
406 2587 505 2622 enim
530 2589 626 2623 unde
650 2589 890 2624 derivandum
909 2590 958 2625 sit
982 2601 1064 2625 cum
1084 2590 1273 2625 dubitetur
1298 2592 1358 2638 [cf.
1379 2593 1427 2628 M.
1446 2593 1628 2638 Hertzius,

109 2642 217 2679 Vind.
244 2643 337 2679 Gell.
364 2645 428 2680 alt.
453 2657 488 2690 p.
503 2649 566 2680 83:
593 2646 617 2682 ‘.
634 2675 641 2682 .
657 2675 666 2684 .
680 2648 736 2682 als
758 2649 828 2683 wir
851 2649 940 2683 iiber
965 2649 1158 2694 Urspruny
1176 2651 1255 2685 und
1281 2651 1535 2696 Urbedeut-unq
1558 2663 1628 2686 mm

109 2701 244 2744 ferme
266 2713 305 2737 so
323 2705 609 2739 nnuma-riclam
627 2706 722 2748 siml,
747 2707 832 2741 class
851 2708 910 2742 ein
930 2707 1185 2752 Widersprueh
1212 2709 1312 2743 nicht
1336 2711 1469 2744 einmal
1488 2712 1626 2745 anerei-

115 2760 227 2795 cheml
250 2762 420 2796 ratimzell
443 2772 489 2796 zu
514 2763 719 2807 beqriinden
742 2765 820 2800 sein
844 2767 967 2801 wi'a'rde
990 2768 1084 2811 (sehr
1102 2768 1349 2812 auspi-echeud
1367 2769 1540 2802 erseheint
1557 2770 1629 2804 mir

113 2837 155 2842 —
182 2829 286 2853 wenn
309 2831 394 2854 man
420 2821 513 2855 anach
537 2822 612 2856 dem
642 2823 793 2858 Meister
822 2825 913 2869 [αἶρε
942 2825 1021 2859 und
1050 2826 1204 2869 fer-ime
1232 2827 1287 2860 bei
1314 2826 1377 2860 Pl.
1408 2827 1530 2877 Trin.
1555 2831 1626 2864 319
