1904 3106
918 85 1207 126 -44-

297 191 474 232 dubium
508 190 608 245 erit,
640 190 744 245 quin
769 203 836 232 ore
866 190 1003 232 lateat
1033 190 1074 231 in
1109 190 1247 232 orme?
1289 190 1443 233 Cetera
1468 191 1702 234 incertiora
1726 194 1830 235 sunt

298 276 376 304 nec
407 262 600 303 revocari
631 263 814 316 possunt
845 261 929 302 nisi
962 261 1016 302 ad
1048 262 1306 317 sententiae,
1335 277 1423 304 non
1452 263 1647 318 ipsorum
1678 264 1828 309 verbo-

298 348 394 375 rum
426 332 825 375 conformationem.
885 331 999 374 Nam
1031 346 1126 373 cum
1160 334 1202 374 et
1237 333 1453 375 obiectum
1490 333 1756 378 desideretur
1786 337 1830 376 et

299 404 478 446 verbum
522 405 632 446 unde
677 403 918 445 infinitivus
969 403 1172 458 pendeat,
1220 404 1315 445 meli
1362 403 1550 446 fortasse
1593 405 1692 448 urb&
1737 406 1830 461 erit,

299 476 462 529 quidem
504 475 612 517 vobis
657 478 801 517 autem
844 488 970 516 voces
1013 474 1156 516 nescio
1202 489 1257 516 an
1298 489 1429 529 prave
1469 476 1691 530 suppletae
1729 477 1830 532 sint,

298 547 412 589 uobis
443 546 628 588 fortasse
661 561 712 588 ex
745 545 836 587 eius
869 545 982 600 quod
1013 545 1269 600 requirimus
1301 546 1424 588 verbi
1455 544 1552 602 (am
1582 547 1660 590 huc
1689 546 1828 604 dico?)

298 618 483 674 quadam
516 618 771 673 corruptela.
834 616 903 659 Sic
934 617 981 659 ni
1010 617 1142 659 fallor
1173 617 1403 660 versiculo:

359 713 521 756 Urbem
554 715 628 755 ore
650 711 858 766 [quidem]
892 711 974 753 huc
1007 711 1102 754 dico
1134 726 1202 754 me
1236 712 1479 755 adlaturum
1511 711 1604 755 sine
1636 728 1759 756 mora
1771 711 1826 770 ⁸³)

295 820 339 861 id
380 833 517 875 genus
556 819 810 862 facetiarum
848 818 1188 860 inficetiarumve
1226 819 1513 874 restituimus9
1556 834 1640 874 quo
1684 820 1829 875 prolo—
1895 859 1899 863 .

297 891 417 946 gista
437 890 653 932 ‘Plautum
682 890 807 932 affert
832 889 1002 945 lingua,
1034 904 1120 931 non
1146 889 1291 932 manu'
1321 891 1389 932 vel
1414 890 1532 932 ‘illuc
1557 890 1686 945 redit,
1717 891 1829 933 unde

296 962 424 1017 abiit,
466 964 595 1017 atque
627 976 714 1004 uno
747 960 894 1003 adstat
924 960 970 1001 in
1008 959 1120 1003 loco’
1159 961 1227 1002 vel
1266 960 1460 1016 ‘pontem
1491 961 1725 1016 interrupit
1754 962 1831 1018 qui

298 1036 392 1075 erat
422 1033 467 1074 in
498 1033 670 1088 itinere,
701 1047 754 1074 ne
787 1032 1038 1074 adulescens
1069 1031 1218 1074 redeat
1248 1032 1294 1074 in
1325 1024 1574 1075 comoedia?

416 1127 498 1170 Sed
541 1128 586 1169 in
629 1127 723 1169 loco
767 1126 996 1169 indicando
1038 1141 1123 1181 quo
1163 1126 1385 1169 comoedia
1422 1129 1579 1182 agatur
1617 1142 1714 1170 cum
1750 1117 1849 1170 tali>

296 1199 464 1242 ratione
495 1199 739 1254 prologista
769 1198 908 1252 ludat,
946 1197 991 1239 in
1029 1197 1222 1239 animum
1253 1197 1454 1240 inducere
1491 1197 1564 1240 vix
1601 1212 1830 1254 possumus

296 1271 340 1312 id
371 1270 500 1326 plane
531 1269 724 1326 neglegi,
765 1269 838 1311 ubi
871 1268 1023 1310 deinde
1054 1268 1199 1310 missis
1231 1268 1490 1311 ridiculariis
1524 1268 1624 1324 ‘qua
1654 1270 1829 1311 ventum

299 1344 392 1384 erat
425 1340 584 1396 gratia'
618 1341 800 1396 suscipit
831 1343 1135 1395 argumentum
1168 1339 1315 1381 ordine
1348 1340 1644 1382 enarrandum.
1689 1339 1830 1390 Quare

296 1413 364 1455 vel
408 1413 491 1454 hoc
534 1411 708 1454 nomine
754 1411 981 1466 displicent
1021 1425 1129 1466 quae
1172 1410 1223 1452 de
1262 1425 1388 1452 versu
1423 1411 1478 1453 10
1509 1426 1535 1453 a
1565 1411 1830 1453 Dziatzkone

295 1487 456 1526 temere
476 1484 719 1539 proscripto
742 1483 1014 1525 coniecturae
1033 1481 1283 1537 propositae
1305 1483 1405 1523 sunt
1430 1482 1548 1524 velut
1568 1480 1826 1524 Camerarii:

360 1579 558 1620 Athenae
590 1578 701 1620 istae
734 1578 889 1634 (istaec
919 1577 1186 1620 Studemund.
1217 1576 1362 1618 Herm.
1395 1579 1420 1618 t.
1451 1576 1485 1617 I
1501 1590 1547 1630 p.
1565 1574 1670 1632 303)
1702 1577 1829 1618 sunto

1012 1646 1077 1690 ita
1108 1649 1155 1689 ut
1186 1646 1268 1689 hoc
1301 1649 1366 1688 est
1396 1646 1699 1702 proscaenium

298 1722 366 1763 vel
399 1721 634 1776 Spengelii:

358 1815 544 1858 Athenis
577 1814 683 1856 haec
716 1816 843 1855 sunto
875 1812 939 1855 sta
969 1815 1018 1855 ut
1048 1812 1130 1854 hoc
1162 1814 1228 1854 est
1259 1811 1572 1866 proscaenium·

301 1911 367 1953 vel
400 1910 597 1952 Muelleri
629 1910 653 1951 l.
687 1924 719 1950 s.
752 1924 784 1950 s.
815 1923 854 1963 p.
881 1908 987 1950 510:

359 2005 558 2047 Athenae
577 2004 685 2047 hacc
704 2003 806 2045 urbs
828 2003 928 2058 (hoc
949 2000 1065 2057 astu)
1093 2003 1159 2043 est
1178 2000 1241 2043 1'ta
1259 2003 1308 2043 ut
1327 2000 1409 2043 hoc
1429 2003 1497 2043 est
1515 2001 1829 2056 proscaenium.

302 2100 417 2142 Nam
462 2099 665 2154 quoniam
703 2098 754 2140 de
791 2097 910 2139 urbis
955 2094 1366 2138 ttranslocatione'
1411 2095 1556 2150 agitur
1598 2095 1671 2138 vix
1713 2095 1830 2137 casui

302 2170 610 2212 remittendum
636 2170 718 2211 erit
744 2167 896 2211 ‘trans’
923 2167 1254 2224 praepositionis
1280 2166 1512 2222 vestigium
1542 2166 1590 2208 in
1619 2166 1829 2208 librorum

302 2242 532 2296 scriptura:

363 2335 543 2377 Athenis
581 2337 752 2377 tracto
790 2334 853 2376 ita
884 2336 933 2376 ut
963 2334 1044 2376 hoc
1076 2335 1142 2375 est
1179 2332 1442 2388 proscinium
1475 2329 1830 2388 (proschenium).

299 2431 366 2472 Ex
397 2430 478 2471 hac
510 2429 644 2483 igitur
674 2429 762 2471 tale
794 2429 895 2483 quid
928 2427 1223 2470 extricandam
1244 2426 1354 2477 erit,
1385 2426 1522 2468 velut:

396 2595 456 2638 83)
482 2594 536 2628 De
569 2592 789 2636 corruptelis
815 2591 860 2627 cf.
886 2593 936 2636 II,
963 2596 1001 2635 2,
1029 2595 1069 2625 11
1105 2602 1172 2636 pro
1204 2589 1379 2625 maledico
1405 2589 1464 2634 (A)
1491 2593 1558 2624 aut
1581 2589 1717 2624 medico
1748 2587 1828 2623 sim.
1897 2637 1903 2643 .

303 2653 356 2688 De
382 2651 575 2688 vocabulis
601 2653 725 2686 autem
751 2651 848 2686 male
876 2650 1058 2695 suppletis
1085 2651 1123 2684 et
1147 2649 1302 2684 adiectis
1327 2648 1535 2694 (particulis
1561 2646 1721 2682 maxime
1746 2657 1829 2692 pro-

305 2710 604 2755 nominibusque)
637 2710 758 2744 multa
789 2709 961 2754 exempla
999 2708 1231 2754 collegerunt
1269 2707 1397 2742 critici.
1448 2708 1502 2742 Ac
1537 2707 1596 2742 tot
1631 2706 1831 2750 tantasque

303 2770 529 2805 mutationes
554 2769 626 2805 hoc
650 2769 732 2804 loco
757 2779 824 2803 nos
850 2767 1056 2803 instituisse
1077 2767 1271 2802 excusatur
1297 2768 1335 2802 et
1358 2765 1519 2801 traditae
1546 2764 1750 2810 scripturae
1775 2763 1830 2799 in-

306 2830 409 2874 eptia
435 2829 472 2864 et
498 2828 575 2863 eius
601 2839 712 2873 quam
738 2826 965 2862 restituimus
993 2825 1198 2871 senteptiae
1225 2825 1500 2861 commoditate.
