1904 3106
714 89 1000 131 -87-

98 197 235 240 adhuc
270 197 466 253 ignotum
503 196 549 238 in
586 195 731 239 codice
768 194 1044 236 miscellaneo
1082 182 1377 234 ottoboniano
1421 192 1494 233 lat.
1533 191 1617 233 687

97 283 149 311 ex
179 267 311 310 variis
342 267 466 309 libris
498 267 667 309 saeculo
698 265 803 308 XVI
834 264 902 306 vel
935 263 1059 306 XVII
1098 263 1416 319 conglutinam,
1454 261 1499 304 in
1534 276 1619 317 quo

97 339 182 382 duo
200 338 307 382 folia
324 341 427 382 sunt
445 335 901 393 captiv.v.400—555
921 335 1180 377 exhibentia.
1212 334 1330 384 Quae
1349 349 1446 376 cum
1459 333 1619 375 misero

97 409 225 453 modo
262 410 452 452 lacerata
481 409 585 463 sint,
625 408 842 463 integrum
873 407 1017 449 locum
1047 405 1370 460 exprimendum
1401 402 1620 458 curavi.⁸⁰)

98 491 183 547 EG
217 503 284 547 ME
317 504 424 547 mihi
454 536 466 546 .
497 500 642 558 suum)
1403 524 1414 534 ,
1497 502 1621 541 f01.1r
1654 528 1661 533 .

96 573 245 618 ΤῩΝδ
275 574 346 617 Me
376 574 447 616 hic
479 573 634 616 ualere.

214 645 394 702 Ingenio
426 645 540 687 haud
571 644 636 686 dis

214 715 258 758 N
259 730 324 772 eq.
354 730 422 757 me
454 714 684 757 aduersatfi
716 715 796 756 tibi

213 786 401 828 Intantis
434 785 622 828 erumnis
654 785 757 828 tam.
790 799 874 840 neq

216 857 324 913 Neq.
354 857 494 900 factis.
523 871 620 912 neq.
650 856 732 898 fide
765 856 857 911 reb3
889 855 991 897 indu

216 920 381 984 deare
413 931 460 970 ut
484 928 624 970 'fueris
656 922 825 969 animar'
859 940 964 982 erga
995 941 1074 968 suu
1105 939 1164 982 gn

218 998 363 1054 Numq
394 999 475 1041 erit
504 1001 551 1040 ts
582 1012 748 1040 auarus.
779 997 882 1052 quin
913 999 956 1038 te
988 997 1124 1052 gratis
1156 1012 1224 1038 em

214 1070 274 1113 Et
305 1085 399 1112 mea
431 1085 515 1125 opa
546 1069 584 1111 si
615 1069 714 1111 hinc
746 1068 885 1110 rebito
916 1067 1031 1109 facia
1063 1071 1112 1109 ut
1142 1067 1274 1110 faciat

214 1140 285 1183 ΝΞ
314 1143 390 1184 tua
421 1155 506 1196 opa
538 1141 567 1182 δι
598 1141 802 1182 comitate
835 1139 866 1180 ἃ
896 1139 1057 1180 uirtute
1089 1139 1118 1180 ἃ
1150 1138 1302 1193 sapien

214 1211 404 1254 Fecisti.d
436 1215 484 1253 ut
513 1211 652 1253 redire
683 1211 810 1252 liceat
842 1209 1087 1264 adparentis
1119 1209 1258 1251 denuo
1386 1264 1391 1269 .

215 1279 323 1324 Cum
354 1281 469 1336 apud
499 1281 613 1322 hunc
644 1279 866 1324 confessus
899 1281 986 1334 esssl
995 1278 1049 1336 ³²)
1082 1280 1111 1322 ἃ
1143 1274 1225 1335 gen
1260 1281 1290 1321 ἃ
1322 1271 1478 1320 dititias

215 1351 308 1401 Quo
338 1355 466 1407 pacto
498 1351 681 1393 emisisti
713 1365 736 1392 e
767 1350 948 1392 uinculis
981 1353 1058 1392 tufi
1089 1349 1195 1392 hersi
1226 1352 1304 1391 tua
1334 1349 1429 1403 sapi

98 1421 213 1464 PHL
226 1420 325 1464 Feci
355 1436 436 1478 ego
468 1423 553 1464 ista
582 1425 630 1463 ut
662 1429 940 1464 comemoras.
974 1421 1003 1463 δι
1034 1423 1078 1463 te
1109 1419 1356 1463 meminisse
1387 1419 1430 1461 id
1462 1422 1589 1475 gratu

214 1491 370 1535 Merito
401 1492 483 1535 tibi
515 1507 566 1534 ea
597 1498 755 1534 euenef
775 1507 816 1544 ‚a
847 1507 925 1534 me.
955 1507 1055 1534 nam
1087 1497 1140 1534 nc
1174 1491 1294 1546 philo
1327 1493 1464 1532 crates

216 1560 262 1604 Si
293 1576 374 1618 ego
405 1563 466 1604 ite
498 1570 687 1605 memore
720 1578 802 1618 que
834 1578 901 1605 1ne
933 1577 1037 1619 erga
1068 1563 1204 1604 multa
1234 1561 1376 1603 fecisti
1408 1561 1548 1602 bene?

214 1655 313 1699 Nox
343 1656 455 1698 diem
487 1656 671 1706 adimat,·
703 1664 758 1698 na
791 1639 939 1699 s⁸eruus
971 1661 1036 1698 ms
1069 1660 1214 1698 esses?
1246 1655 1384 1697 nihilo
1416 1654 1550 1697 setius

214 1726 323 1769 Mihi
354 1726 635 1782 obsequiosus
673 1742 842 1782 semper
877 1727 1023 1777 fuisti;
1074 1713 1164 1768 EG.
1203 1726 1274 1768 Dii
1311 1729 1503 1769 nostram
1535 1725 1617 1766 fide

1016 1797 1194 1840 hominu
1225 1797 1402 1852 ingeniti

219 1867 431 1910 Liberale.
462 1870 510 1910 ut
539 1869 753 1910 lacrumas
785 1869 1006 1911 excutiunt
1036 1862 1092 1910 m.
1154 1867 1314 1910 Videas
1347 1867 1474 1910 eorde

217 1938 374 1981 Amare
405 1940 565 1981 interse
596 1939 769 1994 quantis
800 1939 1005 1981 laudauit.
1036 1946 1116 1980 suu
1146 1938 1253 1980 hert-1
1286 1952 1435 1979 seruus

216 2007 509 2058 Collaudauit,·
541 2008 667 2051 PHL.
698 2009 775 2050 Pol
806 2009 905 2050 istic
935 2023 1003 2050 me
1034 2008 1151 2050 haud
1181 2008 1434 2062 centessima
1465 2010 1589 2062 parte

215 2079 412 2122 Laudat?
444 2087 527 2135 qua
557 2080 647 2134 ipse
679 2076 811 2122 metii
841 2083 906 2121 est
938 2082 985 2121 ut
1015 2079 1212 2121 laudetur
1242 2077 1462 2127 laudibus,-

99 2136 180 2191 Εό
214 2149 333 2206 Ergo
365 2159 414 2192 εὖ
449 2153 623 2205 optume
652 2150 825 2192 fecisti!
847 2155 911 2195 *nc
946 2150 1069 2192 adest
1101 2150 1269 2193 occasio

217 2219 450 2263 Benefacta
481 2221 707 2262 cumulare.
738 2222 787 2261 ut
816 2234 919 2275 erga
949 2220 1063 2262 hunc
1094 2226 1140 2260 re‘
1173 2232 1296 2275 geras
1327 2218 1488 2267 fidelia·

100 2289 211 2332 PHL
230 2290 372 2347 Magis
397 2306 484 2334 non
507 2291 625 2333 factu
658 2298 790 2345 possfi
820 2290 964 2332 uelle.e
995 2298 1081 2346 qua
1112 2305 1198 2345 opa
1227 2289 1422 2345 experiar
1447 2289 1610 2345 psequi.

193 2407 254 2451 30)
283 2406 427 2442 Invenit
451 2407 521 2442 hoc
546 2407 794 2452 fragmentum
820 2406 1073 2442 Bethmannus
1097 2407 1135 2442 et
1160 2405 1364 2441 Ritschelio
1395 2404 1617 2444 transmisi&

99 2466 202 2509 isque
232 2464 323 2499 mihi
354 2464 612 2500 commodavit.
667 2465 796 2500 Denuo
829 2464 995 2500 codicem
1027 2464 1207 2500 tractavit
1239 2466 1278 2499 et
1310 2467 1503 2508 tamquam
1536 2473 1620 2497 cum

99 2523 307 2568 pulvisculo
331 2523 503 2560 exhausit
526 2523 711 2561 Gustavus
747 2523 898 2566 Loewe,
935 2523 999 2568 qui
1023 2524 1187 2560 affirmat
1215 2523 1333 2560 videri
1364 2522 1530 2558 codicem
1561 2521 1620 2556 vel

100 2581 267 2627 paullulo
304 2580 406 2626 prius
443 2592 555 2626 quam
586 2582 733 2618 saeculo
758 2581 807 2616 XI
839 2581 1015 2627 scriptum
1050 2592 1140 2617 esse.
1203 2581 1416 2626 Superiores
1448 2579 1619 2614 foliorum

100 2642 227 2685 partes
246 2639 428 2675 abscissae
455 2640 551 2682 sunt,
577 2641 619 2675 ut
637 2641 721 2675 octo
741 2651 867 2675 versus
886 2640 1011 2675 desint
1027 2640 1067 2675 in
1084 2639 1241 2686 singulis
1260 2638 1414 2685 paginis.
1447 2638 1618 2674 Ceterum

100 2699 390 2743 fragmentorum
414 2696 597 2732 scribendi
622 2698 660 2732 et
683 2696 970 2743 interpungendi
993 2709 1110 2744 genus
1135 2699 1296 2734 fideliter
1318 2696 1457 2732 imitati
1481 2708 1618 2731 sumus.

197 2758 255 2800 31)
281 2757 379 2791 Ante
402 2755 500 2790 hunc
524 2766 670 2790 versum
696 2755 875 2800 reliquiae
900 2767 1026 2793 versus
1050 2761 1120 2792 399
1146 2756 1303 2792 discerni
1329 2758 1492 2800 possunt.

196 2817 256 2859 32)
281 2818 295 2850 t
318 2813 446 2851 littera
469 2825 576 2850 erasa
599 2815 664 2850 est.
