1904 3106
0 2726 22 3106 m¹‘-'5⁷’‘⁷··=v···w¹v*¹-·
0 2707 4 2711 ’
0 2690 2 2693 ’
0 2604 10 2671 ·”1“·’
0 2572 3 2580 ··
0 2466 9 2522 ··

705 111 998 153 -73-

93 220 173 262 sub
208 221 337 273 finem
375 219 532 262 codicis
569 220 743 260 exstans
789 217 834 259 in
875 231 964 258 rem
1008 230 1131 258 suam
1163 215 1406 270 Wagnerus
1447 215 1610 255 vertere

92 288 282 346 potuerit
310 291 415 334 tale:

213 385 449 440 Exemplar
476 385 678 427 mendum
709 383 883 426 tandem
914 398 982 425 1110
1012 382 1222 437 compulit
1251 381 1394 437 ipsum

210 455 494 499 Cunctantem
524 455 704 497 nimium
737 455 932 510 plautum
964 452 1248 508 exemplarier
1279 452 1411 494 istum

209 527 277 570 Ne
307 527 531 583 graspicus
561 527 726 569 mendis
756 525 954 582 proprias
986 524 1123 567 idiota
1152 523 1334 578 repertis

210 598 279 641 Ad
310 598 439 640 deret.
475 649 485 657 ·
505 601 547 640 et
578 597 688 640 liber
718 597 789 640 hic
819 597 931 640 falso
963 599 1084 652 patre
1115 595 1267 638 falsior
1298 596 1422 636 esset.
1466 636 1472 643 ,

83 661 215 737 Α[111110
245 693 284 736 si
314 692 416 749 quid
446 693 782 735 concludendum
814 696 897 746 est,
935 695 1049 734 certe
1080 690 1186 733 illud
1220 690 1315 732 erit,
1333 689 1477 744 ipsum
1509 703 1611 744 quo-

91 779 172 820 que
197 780 224 806 a
246 764 425 807 librario
450 763 608 806 codicis
631 763 660 806 J
694 777 745 804 ex
774 762 896 804 fonte
927 761 1236 816 transcriptum
1267 775 1373 815 esse,
1405 775 1502 802 cum
1532 775 1610 802 nec

86 836 301 889 yraspicus
336 850 414 890 pro
446 834 667 889 yraphicus
704 848 781 876 nec
810 834 868 876 ad
896 835 1006 876 deret
1041 847 1119 888 pro
1149 833 1314 875 adderet
1343 831 1435 874 veri
1468 830 1609 874 simile
1638 818 1646 824 ’

92 905 150 947 sit
180 919 277 948 eum
308 906 381 961 qui
412 905 654 960 composuit
684 907 958 948 exaraturum
989 903 1133 946 fuisse.

209 975 328 1026 Quae
341 991 599 1032 quamquam
613 976 675 1018 ita
689 978 801 1030 sunt,
808 976 878 1017 vix
891 978 1037 1017 tamen
1049 972 1378 1018 contenderim-J
1385 972 1612 1029 codicem³)

94 1047 191 1102 pari
221 1061 319 1090 cum
349 1047 386 1088 B
417 1046 674 1089 auctoritate
707 1061 817 1101 esse,
848 1046 891 1088 id
922 1045 1036 1102 quod
1067 1061 1120 1088 ne
1147 1045 1198 1087 de
1218 1043 1299 1087 CD
1320 1044 1491 1101 quidem
1511 1044 1614 1086 licet

93 1117 326 1173 affirmare3
358 1117 433 1160 sed
464 1132 515 1159 ea
545 1117 729 1159 maxime
755 1117 923 1160 ratione
948 1117 1129 1159 inferior
1154 1120 1219 1158 est
1244 1115 1356 1172 quod
1382 1131 1409 1158 a
1432 1116 1611 1158 librario

95 1188 346 1244 saepissime
389 1189 651 1231 dormitante
694 1188 879 1243 scriptus
923 1190 999 1230 est.
1080 1187 1201 1237 Quod
1245 1187 1395 1229 statim
1438 1187 1520 1229 tibi
1563 1201 1613 1228 ex

91 1259 299 1314 exemplis
330 1274 439 1315 quae
469 1259 583 1302 infra
613 1274 771 1316 ponam
803 1258 1041 1315 apparebit.
1103 1258 1221 1308 Quae
1260 1258 1427 1300 uncinis
1459 1257 1612 1300 inclusi

92 1345 144 1372 ea
173 1330 402 1372 tenendum
434 1332 500 1372 est
531 1345 557 1372 a
587 1330 624 1372 B
649 1330 787 1386 petita
815 1330 861 1371 in
892 1328 922 1371 J
952 1344 1041 1371 non
1072 1331 1252 1371 exstare.

210 1400 329 1443 Asin.
359 1401 446 1443 640
466 1416 574 1457 sqq.:
635 1419 642 1425 ·

240 1482 405 1526 Eadem
435 1483 545 1526 istac
575 1498 708 1539 opera
739 1484 934 1526 suaviust
964 1484 1210 1539 complexos
1241 1483 1483 1526 fabulari.

95 1552 188 1607 [LI.
241 1552 341 1596 Non
367 1554 513 1597 omnia
532 1554 680 1598 eadem
700 1569 833 1609 aeque
853 1554 1064 1609 omnibus,
1096 1569 1179 1608 ere,
1210 1554 1358 1596 suavia
1378 1569 1470 1596 esse
1491 1555 1612 1597 scito.

241 1623 378 1666 Vobis
409 1627 475 1666 est
509 1639 639 1666 suave
670 1625 916 1667 amantibus
948 1626 1193 1680 complexos
1226 1625 1484 1678 fabulari]

212 1717 356 1760 Aulul.
386 1717 451 1759 In
483 1719 523 1772 2,
556 1720 608 1760 11
631 1734 713 1774 sq.:

241 1798 360 1869 Sine:
403 1803 449 1842 at
485 1800 627 1843 hercle
664 1816 759 1844 cum
797 1803 913 1845 malo
950 1806 1027 1845 tuo
1059 1816 1232 1859 magno,
1270 1803 1307 1845 si
1338 1802 1420 1845 hoc
1457 1807 1613 1859 caput

942 1872 1158 1929 sentim)
1218 1875 1223 1879 '

94 1939 277 1994 [EVGL.
308 1941 386 1983 Pol
417 1956 497 1998 ego
528 1942 706 1985 hauscio
737 1943 840 1999 quid
871 1948 972 1999 post
1001 1945 1115 1987 fuat:
1157 1947 1278 1987 tuom
1310 1960 1421 1987 nunc
1459 1960 1515 1987 ca
1523 1949 1613 2001 put

941 2016 1133 2068 sentit]

187 2118 570 2175 8).Amphitruonem,
594 2130 816 2175 Asinariam,
841 2131 1036 2176 Epidicum
1055 2131 1216 2167 contulit
1234 2124 1445 2168 Hermanno
1464 2132 1613 2178 Hagero

94 2187 347 2224 intercedente
371 2199 497 2223 meum
520 2188 559 2223 in
584 2201 692 2224 usum
718 2190 776 2225 vir
801 2191 931 2226 doctus
951 2191 1113 2226 Londini
1131 2202 1380 2234 commorans;
1406 2193 1613 2227 ceterarum

93 2245 302 2282 fabularum
320 2247 434 2283 habui
453 2247 691 2283 collationem
711 2249 758 2284 ab
777 2249 937 2285 Aemilio
957 2250 1079 2286 Braun
1098 2250 1236 2285 factam
1255 2261 1366 2294 quam
1386 2250 1478 2286 mihi
1503 2251 1613 2286 bene-

94 2304 348 2342 volentissime
373 2307 624 2342 commodavit
647 2307 883 2344 Ritschelius.
928 2309 970 2344 In
995 2309 1182 2345 nonnullis
1207 2320 1294 2344 sane
1320 2308 1506 2355 discrepat
1530 2320 1614 2344 mea

94 2362 247 2398 collatio
271 2374 356 2399 cum
381 2364 433 2400 eis
457 2377 551 2410 quae
578 2367 785 2412 Wagnerus
810 2367 1021 2410 adnotavit;
1055 2368 1160 2403 velut
1183 2368 1283 2404 hisce
1307 2367 1493 2403 versibus:
1530 2380 1564 2403 v.
1595 2373 1611 2402 1

93 2421 186 2466 quin
208 2422 277 2457 sim
301 2423 375 2468 (W.
400 2424 466 2468 qui
486 2424 581 2468 sim),
614 2437 646 2459 v.
672 2429 718 2460 80
740 2426 914 2470 prospexi
938 2425 1011 2470 (W.
1032 2427 1230 2471 perspexi),
1261 2438 1295 2461 v.
1322 2430 1364 2461 91
1392 2423 1514 2473 quejrit
1539 2427 1613 2471 (W.

93 2481 271 2525 quaerat),
315 2493 346 2517 v.
376 2485 439 2516 121
473 2485 537 2528 tug
559 2483 613 2517 rei
635 2484 700 2518 hoc
724 2483 797 2528 (W.
822 2487 974 2529 tuaeque
997 2486 1052 2520 rei
1075 2485 1164 2529 hoc),
1206 2498 1241 2520 v.
1269 2489 1336 2520 143
1362 2486 1514 2520 advento
1539 2486 1611 2529 (W.

79 2538 247 2574 >‹ulvem‘o
271 2540 369 2574 solus
386 2539 434 2584 J).
469 2540 659 2576 Nonnulla
677 2553 722 2578 ex
740 2542 812 2577 hoc
831 2542 957 2578 codice
977 2543 1135 2588 protulit
1153 2543 1347 2589 Ussingius
1372 2544 1485 2579 variis
1510 2543 1613 2586 locis,

94 2596 161 2642 qui
190 2596 281 2641 quid
311 2596 357 2632 de
389 2597 466 2633 eius
497 2599 719 2635 auctoritate
745 2600 884 2636 sentiat
909 2601 1062 2647 exponit
1087 2602 1230 2647 Proleg.
1257 2615 1293 2648 p.
1321 2607 1400 2646 155,
1424 2601 1490 2637 ubi
1514 2602 1612 2637 hunc

98 2666 244 2700 quoque
269 2655 435 2691 codicem
459 2658 507 2692 ad
531 2657 561 2692 B
585 2658 727 2693 fontem
750 2659 888 2694 referre
913 2660 1047 2695 studet.

192 2715 227 2757 4)
263 2713 424 2750 Pusillas
456 2715 628 2751 codicum
659 2716 929 2762 discrepantias
958 2718 998 2753 in
1020 2718 1206 2764 exemplis
1238 2731 1333 2764 quae
1364 2730 1475 2764 supra
1506 2719 1613 2764 posui

94 2783 169 2807 non
197 2771 305 2807 anxie
337 2772 479 2817 curavi3
517 2785 636 2820 neque
666 2786 836 2810 versuum
870 2776 1150 2822 discriptionem
1175 2789 1271 2822 quae
1295 2778 1349 2813 ibi
1374 2777 1533 2813 traditur
1556 2789 1611 2813 re-

94 2830 340 2876 praesentavi.
