1904 3106
862 59 1152 99 -10—

455 162 618 203 amanti
652 162 688 203 si
719 162 792 217 qui
823 165 931 216 n[on
964 164 1146 220 danunt,
1176 166 1344 218 scilicet]

240 242 444 284 librarius
466 258 516 284 ex
537 244 631 286 1060
652 243 706 299 Il,
731 245 765 297 1,
781 245 830 287 31
861 246 900 288 si
925 250 1046 301 neyat
1061 261 1103 290 se
1120 247 1265 291 habere
1282 250 1391 303 qaod
1413 250 1478 291 det
1501 248 1572 306 (cf.
1591 249 1625 304 I,
1644 250 1771 307 1,57)

240 315 400 355 temere
432 314 580 356 intulit

698 373 849 431 (quod)
882 374 1033 433 da(b0)
1064 392 1150 420 non
1185 376 1292 435 (es)t

241 469 290 496 ac
320 456 461 499 voluit
493 457 584 499 sine
618 458 768 500 dubio:

451 539 518 582 Eo
553 540 669 583 dicta
700 542 850 598 lingua
881 542 1022 585 dulcia
1056 544 1188 598 datis,
1221 544 1345 587 corde
1378 559 1526 587 amara
1556 545 1700 587 facitis

454 610 651 666 Amanti,
688 613 730 654 si
762 613 937 669 inquit
970 614 1096 669 ‘quod
1129 615 1239 657 dabo
1271 631 1360 658 non
1393 615 1487 659 est’.

238 692 391 748 Itaque
431 694 562 737 etiam
606 696 677 738 hic
718 696 838 738 locus
883 711 1062 751 prorsus
1108 698 1161 739 ad
1205 712 1299 740 eam
1345 698 1556 740 rationem
1595 699 1771 754 accedit,

240 779 369 820 quam
404 765 449 807 in
482 767 635 808 ceteris
675 768 883 810 enarravi.
947 767 1084 810 Simul
1123 771 1268 810 autem
1305 770 1581 812 artificiosior
1611 770 1770 826 Buggii

240 836 486 879 coniectura
519 838 680 881 corruit

299 918 460 962 ‘Amen
488 920 604 963 me‘R'
637 922 674 964 si
706 922 818 977 quod
851 922 963 965 dabo
995 938 1083 965 non
1114 926 1181 965 est
1211 938 1299 966 11011
1331 922 1461 965 didici
1491 922 1754 981 fabul-stiffi).

240 1014 357 1064 Quae
389 1015 497 1058 illud
530 1019 701 1072 praeter
733 1017 820 1059 alia
850 1017 1171 1060 incommodum
1206 1017 1356 1072 habet,
1393 1017 1506 1072 quod
1537 1018 1769 1062 molestam

238 1086 283 1127 in
328 1087 526 1129 versibus
572 1102 666 1130 sese
711 1088 1023 1143 excipientibus
1069 1089 1190 1130 verbi
1235 1089 1423 1142 fabulari
1467 1089 1802 1144 repetitionem-

237 1171 316 1199 nec
354 1158 473 1200 tollit
510 1173 590 1201 1166
626 1159 970 1202 tolerabiliorem
1007 1159 1158 1202 reddit.
1219 1159 1344 1202 Hanc
1382 1175 1479 1202 cum
1521 1162 1623 1214 post
1658 1160 1769 1204 alios

238 1227 468 1283 Maehlyus
509 1232 768 1285 removeret,
814 1230 1034 1272 soloecum
1079 1229 1243 1272 invexit
1285 1244 1370 1273 non
1410 1231 1537 1273 didici
1578 1233 1771 1286 quidem

238 1300 408 1341 adulari
439 1301 571 1343 verba
601 1302 783 1344 amantis
812 1302 850 1344 si
880 1302 952 1355 qui
982 1314 1067 1343 non
1097 1301 1260 1343 danunt
1299 1316 1395 1343 cum
1426 1301 1645 1344 veteribus
1678 1303 1770 1358 qui-

239 1370 421 1413 busdam
454 1372 612 1415 criticis
645 1372 972 1428 languidissime
1006 1372 1236 1415 adnectens
1270 1372 1486 1415 versibus:

297 1453 349 1496 In
379 1456 509 1498 melle
541 1458 642 1498 sunt
673 1455 851 1511 linguae
883 1455 992 1498 sitae
1025 1458 1198 1499 vostrae
1230 1457 1359 1511 atque
1391 1456 1628 1511 orationes,

298 1524 432 1568 Facta
463 1528 591 1583 atque
624 1528 752 1570 corda
782 1527 826 1569 in
858 1527 960 1569 felle
991 1530 1092 1570 sunt
1125 1527 1210 1569 sita
1242 1528 1371 1582 atque
1403 1526 1556 1569 acerbo
1589 1529 1723 1583 aceto,

300 1597 502 1640 Amantis
536 1599 573 1640 si
606 1599 678 1654 qui
709 1600 798 1641 11611
830 1599 1006 1641 danunt.

238 1678 389 1734 Neque
421 1681 535 1736 quod
572 1682 731 1724 collato
763 1681 1018 1724 Mercatoris
1051 1697 1178 1724 versu
1213 1682 1293 1723 147
1328 1679 1555 1723 Goellerus
1589 1680 1772 1724 adscivit

238 1765 321 1793 non
351 1753 479 1794 didici
501 1753 805 1807 philosophari,
837 1753 931 1795 1060
964 1752 1125 1794 mederi
1157 1753 1296 1794 visum
1331 1753 1408 1793 est.
1461 1750 1622 1794 Contra
1659 1752 1771 1794 alter

238 1821 490 1865 Mercatoris
523 1839 672 1866 versus
699 1823 785 1866 508
822 1823 1017 1865 adhiberi
1049 1837 1175 1878 posse
1210 1822 1369 1864 dudum
1401 1821 1507 1864 mihi
1539 1822 1656 1864 116116
1692 1825 1771 1878 est,

240 1908 323 1948 quo
356 1894 566 1936 efficimus
1645 1885 1650 1890 ⁸

298 1975 504 2019 Amantis
537 1978 574 2019 si
605 1977 678 2032 qui
710 1979 797 2020 11611
829 1978 995 2020 danunt
1029 2002 1079 2006 —
1114 1991 1204 2019 non
1234 1974 1363 2018 didici
1394 1975 1653 2019 baiolare!

242 2071 355 2126 quod
385 2087 463 2126 per
493 2075 645 2114 notum
677 2072 785 2114 illud
818 2073 1022 2127 ellipseos
1061 2085 1197 2128 genus
1236 2070 1469 2126 significat:
1513 2069 1614 2111 ‘nisi
1655 2069 1770 2112 forte

242 2145 458 2184 amatores
498 2143 662 2197 aliquid
698 2143 925 2198 praebent,
964 2140 1087 2198 (quid
1117 2141 1306 2184 faciam?
1343 2141 1417 2196 qui
1448 2140 1642 2196 vivanffl)
1682 2155 1770 2183 non

242 2213 371 2255 didici
403 2213 625 2255 baiolare'.
671 2214 832 2264 Quodsi
857 2215 972 2256 recte
997 2213 1083 2254 loci
1109 2211 1371 2254 sententiam
1398 2210 1611 2266 ordinavi,
1642 2211 1769 2253 Asta-

241 2284 345 2338 phio
367 2285 498 2326 verba
524 2284 802 2326 attribuenda
821 2298 914 2326 esse
938 2283 1010 2326 vix
1037 2285 1104 2325 est
1130 2282 1244 2337 quod
1270 2282 1428 2336 dicam3
1456 2281 1574 2324 cuius
1594 2296 1769 2337 respon-

242 2370 337 2397 sum
370 2370 465 2397 cum
497 2370 585 2398 non
616 2355 758 2409 possit
788 2369 876 2397 11011
907 2354 1094 2409 incipere
1127 2368 1152 2394 a
1183 2353 1399 2395 versibus:

302 2437 402 2480 Non
433 2437 586 2493 istaec,
618 2453 714 2480 mea
745 2437 1013 2493 benignitas,
1046 2435 1187 2478 decuit
1218 2438 1262 2478 te
1291 2435 1501 2490 fabulari,

303 2508 385 2551 Sed
418 2508 526 2550 istos
558 2509 630 2563 qui
662 2523 757 2550 cum
789 2506 928 2562 geniis
962 2508 1050 2549 suis
1082 2505 1358 2561 belligerant,
1390 2506 1705 2561 parcipromos,

243 2592 310 2633 his
343 2592 450 2647 ipsis
485 2592 829 2647 subiungendum
861 2590 944 2632 erit
974 2590 1081 2632 illud

338 2745 396 2787 22)
431 2743 483 2779 Cf.
510 2744 534 2779 l.
562 2756 588 2779 6.
616 2756 643 2780 s,
675 2755 710 2788 p.
732 2747 818 2778 403:
859 2743 933 2778 ‘ihr
969 2743 1055 2778 habt
1086 2742 1180 2777 mich
1207 2742 1340 2787 yelehrt
1372 2751 1446 2776 nur
1475 2740 1542 2775 mit
1571 2739 1685 2775 einem
1713 2749 1770 2784 96·

242 2802 388 2836 schenlce
415 2803 454 2837 in
479 2803 542 2837 der
567 2802 668 2837 haud
692 2813 738 2837 zu
762 2802 850 2837 euch
874 2812 944 2836 von
970 2801 1057 2836 liebe
1080 2811 1127 2835 zu
1151 2799 1287 2835 reden’.
