<?xml version="1.0" encoding="UTF-8"?>
<!DOCTYPE html PUBLIC "-//W3C//DTD XHTML 1.0 Transitional//EN"
    "http://www.w3.org/TR/xhtml1/DTD/xhtml1-transitional.dtd">
<html xmlns="http://www.w3.org/1999/xhtml" xml:lang="en" lang="en">
 <head>
  <title>
</title>
<meta http-equiv="Content-Type" content="text/html;charset=utf-8" />
  <meta name='ocr-system' content='tesseract 3.04.00' />
  <meta name='ocr-capabilities' content='ocr_page ocr_carea ocr_par ocr_line ocrx_word'/>
</head>
<body>
  <div class='ocr_page' id='page_1' title='image "analectaplautina00schuoft_0071.png"; bbox 0 0 1904 3106; ppageno 0'>
   <div class='ocr_carea' id='block_1_1' title="bbox 0 2374 14 2763">
    <p class='ocr_par' dir='ltr' id='par_1_1' title="bbox 0 2374 14 2763">
     <span class='ocr_line' id='line_1_1' title="bbox 0 2374 14 2763; textangle 90"><span class='ocrx_word' id='word_1_1' title='bbox 9 2758 13 2763; x_wconf 82' lang='lat'><strong>.</strong></span> <span class='ocrx_word' id='word_1_2' title='bbox 0 2444 14 2726; x_wconf 55' lang='lat' dir='ltr'>n--wv-*⁴·-·=-‘</span> <span class='ocrx_word' id='word_1_3' title='bbox 0 2374 3 2404; x_wconf 66' lang='grc'>·’</span> 
     </span>
    </p>
   </div>
   <div class='ocr_carea' id='block_1_2' title="bbox 701 102 996 143">
    <p class='ocr_par' dir='ltr' id='par_1_2' title="bbox 701 102 996 143">
     <span class='ocr_line' id='line_1_2' title="bbox 701 102 996 143; baseline -0.003 -11"><span class='ocrx_word' id='word_1_4' title='bbox 701 102 996 143; x_wconf 45' lang='lat'>-574</span> 
     </span>
    </p>
   </div>
   <div class='ocr_carea' id='block_1_3' title="bbox 87 196 1619 1892">
    <p class='ocr_par' dir='ltr' id='par_1_3' title="bbox 87 196 1615 748">
     <span class='ocr_line' id='line_1_3' title="bbox 88 196 1613 264; baseline -0.004 -12"><span class='ocrx_word' id='word_1_5' title='bbox 88 209 224 263; x_wconf 75' lang='lat' dir='ltr'>Porro</span> <span class='ocrx_word' id='word_1_6' title='bbox 260 208 374 264; x_wconf 89' lang='lat' dir='ltr'>quod</span> <span class='ocrx_word' id='word_1_7' title='bbox 409 208 558 251; x_wconf 89' lang='lat' dir='ltr'>eodem</span> <span class='ocrx_word' id='word_1_8' title='bbox 595 207 690 250; x_wconf 88' lang='lat' dir='ltr'>loco</span> <span class='ocrx_word' id='word_1_9' title='bbox 728 206 980 249; x_wconf 85' lang='lat' dir='ltr'>Boeckelius</span> <span class='ocrx_word' id='word_1_10' title='bbox 1017 221 1114 248; x_wconf 89' lang='lat' dir='ltr'>cum</span> <span class='ocrx_word' id='word_1_11' title='bbox 1149 196 1339 262; x_wconf 71' lang='lat' dir='ltr'>Ber&#39;gkio</span> <span class='ocrx_word' id='word_1_12' title='bbox 1376 205 1404 246; x_wconf 89' lang='lat' dir='ltr'>l.</span> <span class='ocrx_word' id='word_1_13' title='bbox 1436 220 1469 247; x_wconf 88' lang='lat' dir='ltr'>s.</span> <span class='ocrx_word' id='word_1_14' title='bbox 1502 219 1534 246; x_wconf 91' lang='lat' dir='ltr'>s.</span> <span class='ocrx_word' id='word_1_15' title='bbox 1571 219 1613 258; x_wconf 90' lang='lat' dir='ltr'>p.</span> 
     </span>
     <span class='ocr_line' id='line_1_4' title="bbox 87 276 1612 336; baseline -0.005 -13"><span class='ocrx_word' id='word_1_16' title='bbox 87 280 147 323; x_wconf 88' lang='lat'>49</span> <span class='ocrx_word' id='word_1_17' title='bbox 165 294 229 336; x_wconf 79' lang='lat' dir='ltr'>sq.</span> <span class='ocrx_word' id='word_1_18' title='bbox 264 279 452 336; x_wconf 77' lang='lat' dir='ltr'><strong>itemque</strong></span> <span class='ocrx_word' id='word_1_19' title='bbox 490 279 751 322; x_wconf 80' lang='lat' dir='ltr'>assentiente</span> <span class='ocrx_word' id='word_1_20' title='bbox 786 277 1055 320; x_wconf 82' lang='lat' dir='ltr'>Reinhardto</span> <span class='ocrx_word' id='word_1_21' title='bbox 1092 278 1119 319; x_wconf 90' lang='lat' dir='ltr'>l.</span> <span class='ocrx_word' id='word_1_22' title='bbox 1158 292 1191 320; x_wconf 85' lang='lat' dir='ltr'>s.</span> <span class='ocrx_word' id='word_1_23' title='bbox 1229 292 1262 319; x_wconf 85' lang='lat' dir='ltr'>s.</span> <span class='ocrx_word' id='word_1_24' title='bbox 1299 292 1340 332; x_wconf 89' lang='lat' dir='ltr'>p.</span> <span class='ocrx_word' id='word_1_25' title='bbox 1366 276 1424 318; x_wconf 88' lang='grc'>98</span> <span class='ocrx_word' id='word_1_26' title='bbox 1462 289 1612 317; x_wconf 84' lang='lat' dir='ltr'>versus</span> 
     </span>
     <span class='ocr_line' id='line_1_5' title="bbox 89 346 1612 407; baseline -0.004 -13"><span class='ocrx_word' id='word_1_27' title='bbox 89 351 147 394; x_wconf 90' lang='lat'>49</span> <span class='ocrx_word' id='word_1_28' title='bbox 157 365 222 407; x_wconf 77' lang='lat' dir='ltr'>sq,</span> <span class='ocrx_word' id='word_1_29' title='bbox 238 350 442 393; x_wconf 87' lang='lat' dir='ltr'>delendos</span> <span class='ocrx_word' id='word_1_30' title='bbox 467 363 560 392; x_wconf 85' lang='lat' dir='ltr'>esse</span> <span class='ocrx_word' id='word_1_31' title='bbox 585 348 753 391; x_wconf 84' lang='lat' dir='ltr'>censuit</span> <span class='ocrx_word' id='word_1_32' title='bbox 776 348 902 403; x_wconf 83' lang='lat' dir='ltr'>plane</span> <span class='ocrx_word' id='word_1_33' title='bbox 928 348 1168 403; x_wconf 86' lang='lat' dir='ltr'>adstipulor</span> <span class='ocrx_word' id='word_1_34' title='bbox 1186 346 1451 389; x_wconf 89' lang='lat' dir='ltr'>Buechelero</span> <span class='ocrx_word' id='word_1_35' title='bbox 1476 346 1612 388; x_wconf 91' lang='lat' dir='ltr'>nimio</span> 
     </span>
     <span class='ocr_line' id='line_1_6' title="bbox 90 416 1613 475; baseline -0.004 -11"><span class='ocrx_word' id='word_1_36' title='bbox 90 436 194 464; x_wconf 82' lang='lat' dir='ltr'>sane</span> <span class='ocrx_word' id='word_1_37' title='bbox 222 421 392 464; x_wconf 81' lang='lat' dir='ltr'>facilius</span> <span class='ocrx_word' id='word_1_38' title='bbox 417 434 511 463; x_wconf 85' lang='lat' dir='ltr'>esse</span> <span class='ocrx_word' id='word_1_39' title='bbox 536 421 731 475; x_wconf 88' lang='lat' dir='ltr'>ereptum</span> <span class='ocrx_word' id='word_1_40' title='bbox 761 419 824 461; x_wconf 88' lang='lat' dir='ltr'>ire</span> <span class='ocrx_word' id='word_1_41' title='bbox 854 419 906 460; x_wconf 92' lang='lat' dir='ltr'>de</span> <span class='ocrx_word' id='word_1_42' title='bbox 930 417 1086 461; x_wconf 87' lang='lat' dir='ltr'>Plauto</span> <span class='ocrx_word' id='word_1_43' title='bbox 1110 433 1259 460; x_wconf 84' lang='lat' dir='ltr'>versus</span> <span class='ocrx_word' id='word_1_44' title='bbox 1285 417 1398 459; x_wconf 85' lang='lat' dir='ltr'>male</span> <span class='ocrx_word' id='word_1_45' title='bbox 1428 416 1613 459; x_wconf 83' lang='lat' dir='ltr'>traditos</span> 
     </span>
     <span class='ocr_line' id='line_1_7' title="bbox 90 488 1615 548; baseline -0.003 -12"><span class='ocrx_word' id='word_1_46' title='bbox 90 507 220 548; x_wconf 78' lang='lat' dir='ltr'>quam</span> <span class='ocrx_word' id='word_1_47' title='bbox 247 491 468 535; x_wconf 77' lang='lat' dir='ltr'>vindicare</span> <span class='ocrx_word' id='word_1_48' title='bbox 499 506 550 534; x_wconf 85' lang='lat' dir='ltr'>ac</span> <span class='ocrx_word' id='word_1_49' title='bbox 579 488 941 546; x_wconf 64' lang='lat' dir='ltr'>perpurgarem).</span> <span class='ocrx_word' id='word_1_50' title='bbox 988 489 1102 532; x_wconf 87' lang='lat' dir='ltr'>Nam</span> <span class='ocrx_word' id='word_1_51' title='bbox 1132 490 1280 544; x_wconf 77' lang='lat' dir='ltr'>quippe</span> <span class='ocrx_word' id='word_1_52' title='bbox 1309 490 1383 543; x_wconf 77' lang='lat' dir='ltr'>qui</span> <span class='ocrx_word' id='word_1_53' title='bbox 1405 491 1509 531; x_wconf 81' lang='lat' dir='ltr'>certo</span> <span class='ocrx_word' id='word_1_54' title='bbox 1532 490 1615 531; x_wconf 78' lang='lat' dir='ltr'>scio</span> 
     </span>
     <span class='ocr_line' id='line_1_8' title="bbox 90 558 1614 606; baseline -0.003 0"><span class='ocrx_word' id='word_1_55' title='bbox 90 563 267 606; x_wconf 84' lang='lat' dir='ltr'>minime</span> <span class='ocrx_word' id='word_1_56' title='bbox 291 562 482 605; x_wconf 74' lang='lat' dir='ltr'>redolere</span> <span class='ocrx_word' id='word_1_57' title='bbox 508 576 748 604; x_wconf 82' lang='lat' dir='ltr'>sermonem</span> <span class='ocrx_word' id='word_1_58' title='bbox 773 561 1025 603; x_wconf 87' lang='lat' dir='ltr'>Plautinum</span> <span class='ocrx_word' id='word_1_59' title='bbox 1056 561 1201 603; x_wconf 89' lang='lat' dir='ltr'>nescio</span> <span class='ocrx_word' id='word_1_60' title='bbox 1235 575 1304 602; x_wconf 86' lang='lat' dir='ltr'>au.</span> <span class='ocrx_word' id='word_1_61' title='bbox 1318 575 1369 602; x_wconf 87' lang='lat' dir='ltr'>ex</span> <span class='ocrx_word' id='word_1_62' title='bbox 1395 558 1614 602; x_wconf 84' lang='lat' dir='ltr'>Ciceronis</span> 
     </span>
     <span class='ocr_line' id='line_1_9' title="bbox 89 621 1614 690; baseline -0.003 -12"><span class='ocrx_word' id='word_1_63' title='bbox 89 634 233 690; x_wconf 76' lang='lat' dir='ltr'>potius</span> <span class='ocrx_word' id='word_1_64' title='bbox 264 649 393 690; x_wconf 81' lang='lat' dir='ltr'>quam</span> <span class='ocrx_word' id='word_1_65' title='bbox 412 633 556 676; x_wconf 84' lang='lat' dir='ltr'>Plauti</span> <span class='ocrx_word' id='word_1_66' title='bbox 585 621 740 675; x_wconf 75' lang='lat' dir='ltr'>siarum</span> <span class='ocrx_word' id='word_1_67' title='bbox 770 632 1079 687; x_wconf 71' lang='lat' dir='ltr'>particulam</span> <span class='ocrx_word' id='word_1_68' title='bbox 1110 646 1191 674; x_wconf 81' lang='lat' dir='ltr'>usu</span> <span class='ocrx_word' id='word_1_69' title='bbox 1220 630 1475 674; x_wconf 85' lang='lat' dir='ltr'>Boeckelius</span> <span class='ocrx_word' id='word_1_70' title='bbox 1505 630 1614 673; x_wconf 89' lang='lat' dir='ltr'>iudi-</span> 
     </span>
     <span class='ocr_line' id='line_1_10' title="bbox 94 705 268 748; baseline -0.006 0"><span class='ocrx_word' id='word_1_71' title='bbox 94 705 268 748; x_wconf 81' lang='lat' dir='ltr'>caverit.</span> 
     </span>
    </p>

    <p class='ocr_par' dir='ltr' id='par_1_4' title="bbox 92 773 1619 1892">
     <span class='ocr_line' id='line_1_11' title="bbox 210 773 1613 831; baseline -0.003 -12"><span class='ocrx_word' id='word_1_72' title='bbox 210 774 295 819; x_wconf 85' lang='lat' dir='ltr'>Sed</span> <span class='ocrx_word' id='word_1_73' title='bbox 331 775 527 831; x_wconf 83' lang='lat' dir='ltr'>quamvis</span> <span class='ocrx_word' id='word_1_74' title='bbox 565 776 673 818; x_wconf 91' lang='lat' dir='ltr'>bene</span> <span class='ocrx_word' id='word_1_75' title='bbox 710 789 876 817; x_wconf 89' lang='lat' dir='ltr'>memor</span> <span class='ocrx_word' id='word_1_76' title='bbox 907 775 988 816; x_wconf 89' lang='lat' dir='ltr'>sim</span> <span class='ocrx_word' id='word_1_77' title='bbox 1018 774 1240 830; x_wconf 77' lang='lat' dir='ltr'>praecepti</span> <span class='ocrx_word' id='word_1_78' title='bbox 1270 773 1613 827; x_wconf 89' lang='lat' dir='ltr'>Buecheleriani‚</span> 
     </span>
     <span class='ocr_line' id='line_1_12' title="bbox 92 845 1615 900; baseline -0.003 -11"><span class='ocrx_word' id='word_1_79' title='bbox 92 850 239 889; x_wconf 79' lang='lat' dir='ltr'>tamen</span> <span class='ocrx_word' id='word_1_80' title='bbox 277 860 366 888; x_wconf 90' lang='lat' dir='ltr'>non</span> <span class='ocrx_word' id='word_1_81' title='bbox 405 859 555 888; x_wconf 83' lang='lat' dir='ltr'>vereor</span> <span class='ocrx_word' id='word_1_82' title='bbox 594 859 649 887; x_wconf 89' lang='lat' dir='ltr'>ne</span> <span class='ocrx_word' id='word_1_83' title='bbox 689 845 802 888; x_wconf 88' lang='lat' dir='ltr'>idem</span> <span class='ocrx_word' id='word_1_84' title='bbox 844 845 936 900; x_wconf 92' lang='lat' dir='ltr'>ipse</span> <span class='ocrx_word' id='word_1_85' title='bbox 974 845 1127 887; x_wconf 86' lang='lat' dir='ltr'>vitium</span> <span class='ocrx_word' id='word_1_86' title='bbox 1168 845 1474 898; x_wconf 84' lang='lat' dir='ltr'>contraxerim,</span> <span class='ocrx_word' id='word_1_87' title='bbox 1518 858 1615 886; x_wconf 87' lang='lat' dir='ltr'>eum</span> 
     </span>
     <span class='ocr_line' id='line_1_13' title="bbox 93 914 1618 972; baseline -0.002 -13"><span class='ocrx_word' id='word_1_88' title='bbox 93 917 199 961; x_wconf 90' lang='lat' dir='ltr'>olim</span> <span class='ocrx_word' id='word_1_89' title='bbox 235 932 274 959; x_wconf 85' lang='lat' dir='ltr'>v.</span> <span class='ocrx_word' id='word_1_90' title='bbox 307 917 359 958; x_wconf 81' lang='lat'>17</span> <span class='ocrx_word' id='word_1_91' title='bbox 382 931 443 972; x_wconf 81' lang='lat' dir='ltr'>sq.</span> <span class='ocrx_word' id='word_1_92' title='bbox 475 916 774 958; x_wconf 77' lang='lat' dir='ltr'>contenderem</span> <span class='ocrx_word' id='word_1_93' title='bbox 811 916 855 958; x_wconf 92' lang='lat' dir='ltr'>in</span> <span class='ocrx_word' id='word_1_94' title='bbox 887 918 1074 958; x_wconf 89' lang='lat' dir='ltr'>metrum</span> <span class='ocrx_word' id='word_1_95' title='bbox 1104 930 1192 958; x_wconf 92' lang='lat' dir='ltr'>non</span> <span class='ocrx_word' id='word_1_96' title='bbox 1222 914 1478 972; x_wconf 89' lang='lat' dir='ltr'>redigendos</span> <span class='ocrx_word' id='word_1_97' title='bbox 1510 929 1618 967; x_wconf 82' lang='lat' dir='ltr'>esse,</span> 
     </span>
     <span class='ocr_line' id='line_1_14' title="bbox 94 985 1616 1043; baseline -0.003 -12"><span class='ocrx_word' id='word_1_98' title='bbox 94 987 169 1031; x_wconf 88' lang='lat' dir='ltr'>sed</span> <span class='ocrx_word' id='word_1_99' title='bbox 198 1002 277 1043; x_wconf 92' lang='lat' dir='ltr'>pro</span> <span class='ocrx_word' id='word_1_100' title='bbox 307 987 689 1042; x_wconf 81' lang='lat' dir='ltr'>interpretamento</span> <span class='ocrx_word' id='word_1_101' title='bbox 719 988 948 1030; x_wconf 86' lang='lat' dir='ltr'>verborum</span> <span class='ocrx_word' id='word_1_102' title='bbox 972 988 1103 1042; x_wconf 81' lang='lat' dir='ltr'>piscis</span> <span class='ocrx_word' id='word_1_103' title='bbox 1127 1001 1178 1029; x_wconf 82' lang='lat' dir='ltr'>ne</span> <span class='ocrx_word' id='word_1_104' title='bbox 1200 987 1374 1041; x_wconf 73' lang='lat' dir='ltr'>effuyiat</span> <span class='ocrx_word' id='word_1_105' title='bbox 1401 989 1511 1028; x_wconf 79' lang='lat' dir='ltr'>cavet</span> <span class='ocrx_word' id='word_1_106' title='bbox 1539 985 1616 1026; x_wconf 86' lang='lat' dir='ltr'>ha-</span> 
     </span>
     <span class='ocr_line' id='line_1_15' title="bbox 93 1057 1618 1101; baseline -0.002 0"><span class='ocrx_word' id='word_1_107' title='bbox 93 1058 271 1101; x_wconf 85' lang='lat' dir='ltr'>bendos.</span> <span class='ocrx_word' id='word_1_108' title='bbox 318 1057 432 1100; x_wconf 85' lang='lat' dir='ltr'>Nam</span> <span class='ocrx_word' id='word_1_109' title='bbox 461 1058 507 1100; x_wconf 90' lang='lat' dir='ltr'>in</span> <span class='ocrx_word' id='word_1_110' title='bbox 536 1057 744 1100; x_wconf 88' lang='lat' dir='ltr'>librorum</span> <span class='ocrx_word' id='word_1_111' title='bbox 776 1057 984 1101; x_wconf 86' lang='lat' dir='ltr'>memoria</span> <span class='ocrx_word' id='word_1_112' title='bbox 1013 1058 1112 1100; x_wconf 79' lang='lat' dir='ltr'>dum</span> <span class='ocrx_word' id='word_1_113' title='bbox 1141 1057 1219 1100; x_wconf 75' lang='lat' dir='ltr'>huc</span> <span class='ocrx_word' id='word_1_114' title='bbox 1241 1058 1343 1100; x_wconf 77' lang='lat' dir='ltr'>dum</span> <span class='ocrx_word' id='word_1_115' title='bbox 1368 1057 1466 1099; x_wconf 79' lang='lat' dir='ltr'>illuc</span> <span class='ocrx_word' id='word_1_116' title='bbox 1488 1059 1618 1098; x_wconf 78' lang='lat' dir='ltr'>reteor</span> 
     </span>
     <span class='ocr_line' id='line_1_16' title="bbox 93 1125 1616 1185; baseline -0.003 -13"><span class='ocrx_word' id='word_1_117' title='bbox 93 1130 265 1185; x_wconf 71' lang='lat' dir='ltr'>impedit</span> <span class='ocrx_word' id='word_1_118' title='bbox 289 1130 420 1184; x_wconf 70' lang='lat' dir='ltr'>pisds</span> <span class='ocrx_word' id='word_1_119' title='bbox 454 1142 580 1182; x_wconf 77' lang='lat' dir='ltr'>usque</span> <span class='ocrx_word' id='word_1_120' title='bbox 613 1130 713 1171; x_wconf 80' lang='lat' dir='ltr'>adeo</span> <span class='ocrx_word' id='word_1_121' title='bbox 749 1128 863 1171; x_wconf 62' lang='lat' dir='ltr'>dolia</span> <span class='ocrx_word' id='word_1_122' title='bbox 894 1129 1012 1181; x_wconf 80' lang='lat' dir='ltr'>foras</span> <span class='ocrx_word' id='word_1_123' title='bbox 1046 1129 1188 1171; x_wconf 73' lang='lat' dir='ltr'>eduxit</span> <span class='ocrx_word' id='word_1_124' title='bbox 1224 1131 1271 1170; x_wconf 91' lang='lat' dir='ltr'>ut</span> <span class='ocrx_word' id='word_1_125' title='bbox 1301 1125 1616 1171; x_wconf 87' lang='lat' dir='ltr'>concedendum</span> 
     </span>
     <span class='ocr_line' id='line_1_17' title="bbox 96 1197 1618 1256; baseline -0.003 -14"><span class='ocrx_word' id='word_1_126' title='bbox 96 1200 155 1242; x_wconf 83' lang='lat' dir='ltr'>sit</span> <span class='ocrx_word' id='word_1_127' title='bbox 188 1215 318 1256; x_wconf 79' lang='lat' dir='ltr'>posse</span> <span class='ocrx_word' id='word_1_128' title='bbox 355 1214 458 1242; x_wconf 83' lang='lat' dir='ltr'>sane</span> <span class='ocrx_word' id='word_1_129' title='bbox 494 1202 538 1241; x_wconf 91' lang='lat' dir='ltr'>et</span> <span class='ocrx_word' id='word_1_130' title='bbox 573 1200 671 1242; x_wconf 82' lang='lat' dir='ltr'>dum</span> <span class='ocrx_word' id='word_1_131' title='bbox 708 1199 939 1254; x_wconf 87' lang='lat' dir='ltr'>repetitum</span> <span class='ocrx_word' id='word_1_132' title='bbox 969 1202 1140 1254; x_wconf 81' lang='lat' dir='ltr'>praeter</span> <span class='ocrx_word' id='word_1_133' title='bbox 1170 1214 1338 1241; x_wconf 90' lang='lat' dir='ltr'>morem</span> <span class='ocrx_word' id='word_1_134' title='bbox 1369 1197 1618 1241; x_wconf 76' lang='lat' dir='ltr'>Plautinum</span> 
     </span>
     <span class='ocr_line' id='line_1_18' title="bbox 95 1269 1618 1323; baseline -0.003 -9"><span class='ocrx_word' id='word_1_135' title='bbox 95 1273 140 1314; x_wconf 88' lang='lat' dir='ltr'>et</span> <span class='ocrx_word' id='word_1_136' title='bbox 176 1270 345 1314; x_wconf 87' lang='lat' dir='ltr'>hiatum</span> <span class='ocrx_word' id='word_1_137' title='bbox 383 1271 589 1314; x_wconf 83' lang='lat' dir='ltr'>vitiosum</span> <span class='ocrx_word' id='word_1_138' title='bbox 627 1272 727 1313; x_wconf 81' lang='lat' dir='ltr'>dum</span> <span class='ocrx_word' id='word_1_139' title='bbox 764 1271 843 1313; x_wconf 69' lang='lat' dir='ltr'>heic</span> <span class='ocrx_word' id='word_1_140' title='bbox 881 1271 981 1312; x_wconf 79' lang='lat' dir='ltr'>dum</span> <span class='ocrx_word' id='word_1_141' title='bbox 1019 1271 1120 1313; x_wconf 81' lang='lat' dir='ltr'>illuc</span> <span class='ocrx_word' id='word_1_142' title='bbox 1158 1286 1245 1312; x_wconf 87' lang='lat' dir='ltr'>una</span> <span class='ocrx_word' id='word_1_143' title='bbox 1285 1285 1382 1312; x_wconf 91' lang='lat' dir='ltr'>cum</span> <span class='ocrx_word' id='word_1_144' title='bbox 1425 1269 1618 1323; x_wconf 74' lang='lat' dir='ltr'>corrupti</span> 
     </span>
     <span class='ocr_line' id='line_1_19' title="bbox 94 1340 1618 1397; baseline -0.003 -12"><span class='ocrx_word' id='word_1_145' title='bbox 94 1346 223 1385; x_wconf 76' lang='lat' dir='ltr'>reteor</span> <span class='ocrx_word' id='word_1_146' title='bbox 250 1342 492 1384; x_wconf 84' lang='lat' dir='ltr'>necessaria</span> <span class='ocrx_word' id='word_1_147' title='bbox 522 1342 821 1385; x_wconf 81' lang='lat' dir='ltr'>emendatione</span> <span class='ocrx_word' id='word_1_148' title='bbox 851 1342 1079 1395; x_wconf 80' lang='lat' dir='ltr'>removeri,</span> <span class='ocrx_word' id='word_1_149' title='bbox 1116 1341 1308 1397; x_wconf 82' lang='lat' dir='ltr'>itemque</span> <span class='ocrx_word' id='word_1_150' title='bbox 1344 1355 1471 1382; x_wconf 86' lang='lat' dir='ltr'>versu</span> <span class='ocrx_word' id='word_1_151' title='bbox 1508 1340 1618 1381; x_wconf 87' lang='lat' dir='ltr'>inse-</span> 
     </span>
     <span class='ocr_line' id='line_1_20' title="bbox 95 1411 1616 1469; baseline -0.002 -13"><span class='ocrx_word' id='word_1_152' title='bbox 95 1416 252 1469; x_wconf 85' lang='lat' dir='ltr'>quente</span> <span class='ocrx_word' id='word_1_153' title='bbox 281 1414 472 1456; x_wconf 66' lang='lat' dir='ltr'>amnicum</span> <span class='ocrx_word' id='word_1_154' title='bbox 502 1414 704 1456; x_wconf 87' lang='lat' dir='ltr'>restituto</span> <span class='ocrx_word' id='word_1_155' title='bbox 735 1413 1009 1469; x_wconf 84' lang='lat' dir='ltr'>traiectisque</span> <span class='ocrx_word' id='word_1_156' title='bbox 1040 1414 1182 1455; x_wconf 64' lang='lat' dir='ltr'>edrait</span> <span class='ocrx_word' id='word_1_157' title='bbox 1207 1413 1324 1466; x_wconf 84' lang='lat' dir='ltr'>foras</span> <span class='ocrx_word' id='word_1_158' title='bbox 1354 1427 1526 1454; x_wconf 85' lang='lat' dir='ltr'>versum</span> <span class='ocrx_word' id='word_1_159' title='bbox 1558 1411 1616 1453; x_wconf 89' lang='lat' dir='ltr'>ef-</span> 
     </span>
     <span class='ocr_line' id='line_1_21' title="bbox 96 1482 1618 1540; baseline -0.002 -14"><span class='ocrx_word' id='word_1_160' title='bbox 96 1483 181 1539; x_wconf 85' lang='lat' dir='ltr'>fici,</span> <span class='ocrx_word' id='word_1_161' title='bbox 209 1486 356 1526; x_wconf 76' lang='lat' dir='ltr'>tamen</span> <span class='ocrx_word' id='word_1_162' title='bbox 385 1498 465 1526; x_wconf 90' lang='lat' dir='ltr'>nec</span> <span class='ocrx_word' id='word_1_163' title='bbox 487 1485 617 1538; x_wconf 76' lang='lat' dir='ltr'>piscis</span> <span class='ocrx_word' id='word_1_164' title='bbox 647 1484 827 1540; x_wconf 86' lang='lat' dir='ltr'>pluralis</span> <span class='ocrx_word' id='word_1_165' title='bbox 858 1499 1063 1526; x_wconf 87' lang='lat' dir='ltr'>numerus</span> <span class='ocrx_word' id='word_1_166' title='bbox 1088 1484 1216 1526; x_wconf 85' lang='lat' dir='ltr'>facile</span> <span class='ocrx_word' id='word_1_167' title='bbox 1242 1483 1403 1539; x_wconf 86' lang='lat' dir='ltr'>poterit</span> <span class='ocrx_word' id='word_1_168' title='bbox 1427 1482 1618 1537; x_wconf 84' lang='lat' dir='ltr'>expediri</span> 
     </span>
     <span class='ocr_line' id='line_1_22' title="bbox 97 1553 1619 1611; baseline -0.001 -15"><span class='ocrx_word' id='word_1_169' title='bbox 97 1553 150 1596; x_wconf 87' lang='lat' dir='ltr'>de</span> <span class='ocrx_word' id='word_1_170' title='bbox 179 1568 266 1597; x_wconf 87' lang='lat' dir='ltr'>uno</span> <span class='ocrx_word' id='word_1_171' title='bbox 296 1555 413 1610; x_wconf 85' lang='lat' dir='ltr'>pisce</span> <span class='ocrx_word' id='word_1_172' title='bbox 444 1570 542 1597; x_wconf 90' lang='lat' dir='ltr'>cum</span> <span class='ocrx_word' id='word_1_173' title='bbox 572 1558 744 1597; x_wconf 85' lang='lat' dir='ltr'>amante</span> <span class='ocrx_word' id='word_1_174' title='bbox 775 1556 1064 1610; x_wconf 90' lang='lat' dir='ltr'>comparando</span> <span class='ocrx_word' id='word_1_175' title='bbox 1104 1569 1365 1611; x_wconf 87' lang='lat' dir='ltr'>quamquam</span> <span class='ocrx_word' id='word_1_176' title='bbox 1405 1557 1449 1596; x_wconf 89' lang='lat' dir='ltr'>et</span> <span class='ocrx_word' id='word_1_177' title='bbox 1489 1556 1619 1595; x_wconf 78' lang='lat' dir='ltr'>antea</span> 
     </span>
     <span class='ocr_line' id='line_1_23' title="bbox 97 1622 1619 1681; baseline 0 -15"><span class='ocrx_word' id='word_1_178' title='bbox 97 1624 259 1667; x_wconf 89' lang='lat' dir='ltr'>dictum</span> <span class='ocrx_word' id='word_1_179' title='bbox 297 1628 364 1668; x_wconf 85' lang='lat' dir='ltr'>est</span> <span class='ocrx_word' id='word_1_180' title='bbox 393 1628 437 1667; x_wconf 85' lang='lat' dir='ltr'>et</span> <span class='ocrx_word' id='word_1_181' title='bbox 467 1625 709 1681; x_wconf 86' lang='lat' dir='ltr'>insequitur</span> <span class='ocrx_word' id='word_1_182' title='bbox 739 1626 878 1668; x_wconf 79' lang='lat' dir='ltr'>itidem</span> <span class='ocrx_word' id='word_1_183' title='bbox 908 1627 980 1668; x_wconf 72' lang='lat' dir='ltr'>isti</span> <span class='ocrx_word' id='word_1_184' title='bbox 1008 1629 1172 1668; x_wconf 74' lang='lat' dir='ltr'>amator</span> <span class='ocrx_word' id='word_1_185' title='bbox 1211 1640 1267 1667; x_wconf 87' lang='lat' dir='ltr'>sc.</span> <span class='ocrx_word' id='word_1_186' title='bbox 1299 1627 1348 1667; x_wconf 92' lang='lat' dir='ltr'>ut</span> <span class='ocrx_word' id='word_1_187' title='bbox 1387 1624 1519 1680; x_wconf 88' lang='lat' dir='ltr'>piscis</span> <span class='ocrx_word' id='word_1_188' title='bbox 1536 1622 1619 1679; x_wconf 75' lang='lat'>¹⁰⁴),</span> 
     </span>
     <span class='ocr_line' id='line_1_24' title="bbox 97 1695 1619 1751; baseline 0 -15"><span class='ocrx_word' id='word_1_189' title='bbox 97 1709 234 1750; x_wconf 87' lang='lat' dir='ltr'>neque</span> <span class='ocrx_word' id='word_1_190' title='bbox 273 1695 451 1738; x_wconf 83' lang='lat' dir='ltr'>offensio</span> <span class='ocrx_word' id='word_1_191' title='bbox 486 1695 608 1750; x_wconf 76' lang='lat' dir='ltr'>haud</span> <span class='ocrx_word' id='word_1_192' title='bbox 648 1711 762 1738; x_wconf 82' lang='lat' dir='ltr'>vana</span> <span class='ocrx_word' id='word_1_193' title='bbox 800 1695 948 1747; x_wconf 85' lang='lat' dir='ltr'>vitari,</span> <span class='ocrx_word' id='word_1_194' title='bbox 991 1696 1106 1751; x_wconf 93' lang='lat' dir='ltr'>quod</span> <span class='ocrx_word' id='word_1_195' title='bbox 1142 1696 1180 1738; x_wconf 86' lang='lat' dir='ltr'>si</span> <span class='ocrx_word' id='word_1_196' title='bbox 1218 1696 1304 1737; x_wconf 87' lang='lat' dir='ltr'>iam</span> <span class='ocrx_word' id='word_1_197' title='bbox 1341 1711 1391 1738; x_wconf 88' lang='lat' dir='ltr'>eo</span> <span class='ocrx_word' id='word_1_198' title='bbox 1431 1695 1619 1737; x_wconf 84' lang='lat' dir='ltr'>amantis</span> 
     </span>
     <span class='ocr_line' id='line_1_25' title="bbox 98 1765 1619 1821; baseline 0 -14"><span class='ocrx_word' id='word_1_199' title='bbox 98 1765 293 1820; x_wconf 79' lang='lat' dir='ltr'>capiendi</span> <span class='ocrx_word' id='word_1_200' title='bbox 317 1765 548 1821; x_wconf 85' lang='lat' dir='ltr'>descriptio</span> <span class='ocrx_word' id='word_1_201' title='bbox 574 1766 779 1821; x_wconf 86' lang='lat' dir='ltr'>perducta</span> <span class='ocrx_word' id='word_1_202' title='bbox 810 1771 877 1808; x_wconf 87' lang='lat' dir='ltr'>est</span> <span class='ocrx_word' id='word_1_203' title='bbox 907 1767 1098 1808; x_wconf 77' lang='lat' dir='ltr'>donicum</span> <span class='ocrx_word' id='word_1_204' title='bbox 1127 1767 1268 1808; x_wconf 63' lang='lat' dir='ltr'>&amp;luxit</span> <span class='ocrx_word' id='word_1_205' title='bbox 1294 1767 1423 1820; x_wconf 80' lang='lat' dir='ltr'>foras,</span> <span class='ocrx_word' id='word_1_206' title='bbox 1453 1765 1619 1807; x_wconf 87' lang='lat' dir='ltr'>incom-</span> 
     </span>
     <span class='ocr_line' id='line_1_26' title="bbox 98 1835 1618 1892; baseline -0.001 -14"><span class='ocrx_word' id='word_1_207' title='bbox 98 1835 271 1878; x_wconf 88' lang='lat' dir='ltr'>modum</span> <span class='ocrx_word' id='word_1_208' title='bbox 300 1837 577 1892; x_wconf 90' lang='lat' dir='ltr'>ineptumque</span> <span class='ocrx_word' id='word_1_209' title='bbox 608 1838 675 1878; x_wconf 87' lang='lat' dir='ltr'>est</span> <span class='ocrx_word' id='word_1_210' title='bbox 704 1851 788 1892; x_wconf 93' lang='lat' dir='ltr'>quo</span> <span class='ocrx_word' id='word_1_211' title='bbox 812 1837 1009 1892; x_wconf 90' lang='lat' dir='ltr'>pergitur</span> <span class='ocrx_word' id='word_1_212' title='bbox 1033 1838 1199 1879; x_wconf 79' lang='lat' dir='ltr'>interim</span> <span class='ocrx_word' id='word_1_213' title='bbox 1217 1837 1286 1881; x_wconf 80' lang='lat' dir='ltr'>ille</span> <span class='ocrx_word' id='word_1_214' title='bbox 1302 1837 1472 1879; x_wconf 80' lang='lat' dir='ltr'>hamum</span> <span class='ocrx_word' id='word_1_215' title='bbox 1490 1839 1618 1878; x_wconf 74' lang='lat' dir='ltr'>vorat.</span> 
     </span>
    </p>
   </div>
   <div class='ocr_carea' id='block_1_4' title="bbox 99 1932 381 1936">
    <p class='ocr_par' dir='ltr' id='par_1_5' title="bbox 99 1932 381 1936">
     <span class='ocr_line' id='line_1_27' title="bbox 99 1932 381 1936; baseline 0 0"><span class='ocrx_word' id='word_1_216' title='bbox 99 1932 381 1936; x_wconf 95' lang='lat' dir='ltr'> </span> 
     </span>
    </p>
   </div>
   <div class='ocr_carea' id='block_1_5' title="bbox 99 1975 1620 2458">
    <p class='ocr_par' dir='ltr' id='par_1_6' title="bbox 99 1975 1620 2458">
     <span class='ocr_line' id='line_1_28' title="bbox 199 1975 1617 2023; baseline -0.001 -12"><span class='ocrx_word' id='word_1_217' title='bbox 199 1978 281 2022; x_wconf 88' lang='lat'><strong>103)</strong></span> <span class='ocrx_word' id='word_1_218' title='bbox 308 1975 368 2011; x_wconf 87' lang='lat' dir='ltr'>Sic</span> <span class='ocrx_word' id='word_1_219' title='bbox 392 1977 457 2012; x_wconf 85' lang='lat' dir='ltr'>isse</span> <span class='ocrx_word' id='word_1_220' title='bbox 481 1977 726 2023; x_wconf 82' lang='lat' dir='ltr'>perpurgavit</span> <span class='ocrx_word' id='word_1_221' title='bbox 749 1989 876 2013; x_wconf 81' lang='lat' dir='ltr'>versus</span> <span class='ocrx_word' id='word_1_222' title='bbox 900 1977 1037 2022; x_wconf 80' lang='lat' dir='ltr'>(Seorti</span> <span class='ocrx_word' id='word_1_223' title='bbox 1061 1978 1203 2012; x_wconf 82' lang='lat' dir='ltr'>lenones</span> <span class='ocrx_word' id='word_1_224' title='bbox 1226 1977 1335 2022; x_wconf 77' lang='lat' dir='ltr'>quasi</span> <span class='ocrx_word' id='word_1_225' title='bbox 1358 1977 1478 2012; x_wconf 79' lang='lat' dir='ltr'>sedent</span> <span class='ocrx_word' id='word_1_226' title='bbox 1491 1975 1617 2019; x_wconf 87' lang='lat' dir='ltr'>BCD):</span> 
     </span>
     <span class='ocr_line' id='line_1_29' title="bbox 335 2047 1358 2094; baseline 0.001 -12"><span class='ocrx_word' id='word_1_227' title='bbox 335 2047 433 2082; x_wconf 83' lang='lat' dir='ltr'>Nam</span> <span class='ocrx_word' id='word_1_228' title='bbox 458 2049 490 2082; x_wconf 82' lang='lat' dir='ltr'>si</span> <span class='ocrx_word' id='word_1_229' title='bbox 514 2059 697 2092; x_wconf 80' lang='lat' dir='ltr'>nusquam</span> <span class='ocrx_word' id='word_1_230' title='bbox 721 2048 813 2084; x_wconf 89' lang='lat' dir='ltr'>alibi</span> <span class='ocrx_word' id='word_1_231' title='bbox 835 2050 938 2092; x_wconf 78' lang='lat' dir='ltr'>sunt,</span> <span class='ocrx_word' id='word_1_232' title='bbox 964 2048 1101 2083; x_wconf 87' lang='lat' dir='ltr'>circum</span> <span class='ocrx_word' id='word_1_233' title='bbox 1126 2047 1358 2094; x_wconf 76' lang='lat' dir='ltr'>argentarias</span> 
     </span>
     <span class='ocr_line' id='line_1_30' title="bbox 336 2104 1180 2151; baseline -0.001 -10"><span class='ocrx_word' id='word_1_234' title='bbox 336 2106 467 2142; x_wconf 82' lang='lat' dir='ltr'>Scorta</span> <span class='ocrx_word' id='word_1_235' title='bbox 491 2107 530 2141; x_wconf 77' lang='lat' dir='ltr'>et</span> <span class='ocrx_word' id='word_1_236' title='bbox 552 2106 703 2141; x_wconf 88' lang='lat' dir='ltr'>lenones</span> <span class='ocrx_word' id='word_1_237' title='bbox 727 2106 792 2151; x_wconf 89' lang='lat' dir='ltr'>qui</span> <span class='ocrx_word' id='word_1_238' title='bbox 816 2106 988 2142; x_wconf 71' lang='lat' dir='ltr'>adsident</span> <span class='ocrx_word' id='word_1_239' title='bbox 1013 2104 1180 2150; x_wconf 79' lang='lat' dir='ltr'>cottidie,</span> 
     </span>
     <span class='ocr_line' id='line_1_31' title="bbox 333 2165 692 2204; baseline 0.006 -4"><span class='ocrx_word' id='word_1_240' title='bbox 333 2165 389 2204; x_wconf 76' lang='lat' dir='ltr'>Ea.</span> <span class='ocrx_word' id='word_1_241' title='bbox 410 2165 563 2201; x_wconf 76' lang='lat' dir='ltr'>nimiast</span> <span class='ocrx_word' id='word_1_242' title='bbox 584 2166 692 2203; x_wconf 83' lang='lat' dir='ltr'>ratio,</span> 
     </span>
     <span class='ocr_line' id='line_1_32' title="bbox 101 2235 1618 2281; baseline 0.001 -11"><span class='ocrx_word' id='word_1_243' title='bbox 101 2235 218 2271; x_wconf 87' lang='lat' dir='ltr'>Versu</span> <span class='ocrx_word' id='word_1_244' title='bbox 242 2239 288 2271; x_wconf 86' lang='lat'>50</span> <span class='ocrx_word' id='word_1_245' title='bbox 319 2248 436 2281; x_wconf 89' lang='lat' dir='ltr'>nuper</span> <span class='ocrx_word' id='word_1_246' title='bbox 466 2235 669 2281; x_wconf 83' lang='lat' dir='ltr'>Seyffertus</span> <span class='ocrx_word' id='word_1_247' title='bbox 692 2236 826 2272; x_wconf 88' lang='lat' dir='ltr'>Philol.</span> <span class='ocrx_word' id='word_1_248' title='bbox 857 2237 884 2271; x_wconf 89' lang='lat' dir='ltr'>t.</span> <span class='ocrx_word' id='word_1_249' title='bbox 910 2235 1031 2270; x_wconf 86' lang='lat' dir='ltr'>XXIX</span> <span class='ocrx_word' id='word_1_250' title='bbox 1055 2248 1092 2281; x_wconf 91' lang='lat' dir='ltr'>p.</span> <span class='ocrx_word' id='word_1_251' title='bbox 1118 2239 1187 2271; x_wconf 88' lang='grc'>408</span> <span class='ocrx_word' id='word_1_252' title='bbox 1219 2247 1287 2280; x_wconf 91' lang='lat' dir='ltr'>pro</span> <span class='ocrx_word' id='word_1_253' title='bbox 1311 2236 1406 2280; x_wconf 81' lang='lat' dir='ltr'>Eri(</span> <span class='ocrx_word' id='word_1_254' title='bbox 1408 2237 1511 2281; x_wconf 76' lang='lat' dir='ltr'>plu-3)</span> <span class='ocrx_word' id='word_1_255' title='bbox 1535 2248 1618 2281; x_wconf 92' lang='lat' dir='ltr'>pro-</span> 
     </span>
     <span class='ocr_line' id='line_1_33' title="bbox 99 2292 1620 2340; baseline 0.001 -12"><span class='ocrx_word' id='word_1_256' title='bbox 99 2293 227 2338; x_wconf 84' lang='lat' dir='ltr'>posuit</span> <span class='ocrx_word' id='word_1_257' title='bbox 258 2294 312 2329; x_wconf 79' lang='lat'>11&gt;</span> <span class='ocrx_word' id='word_1_258' title='bbox 322 2292 477 2339; x_wconf 58' lang='lat' dir='ltr'>iffllw),</span> <span class='ocrx_word' id='word_1_259' title='bbox 514 2294 614 2339; x_wconf 87' lang='lat' dir='ltr'>quod</span> <span class='ocrx_word' id='word_1_260' title='bbox 642 2294 718 2329; x_wconf 82' lang='lat' dir='ltr'>iam</span> <span class='ocrx_word' id='word_1_261' title='bbox 741 2294 964 2330; x_wconf 82' lang='lat' dir='ltr'>Ritschelius</span> <span class='ocrx_word' id='word_1_262' title='bbox 989 2295 1124 2340; x_wconf 78' lang='lat' dir='ltr'>opusc.</span> <span class='ocrx_word' id='word_1_263' title='bbox 1149 2296 1176 2330; x_wconf 84' lang='lat' dir='ltr'>t.</span> <span class='ocrx_word' id='word_1_264' title='bbox 1202 2295 1237 2329; x_wconf 95' lang='lat' dir='ltr'>II</span> <span class='ocrx_word' id='word_1_265' title='bbox 1261 2307 1297 2340; x_wconf 90' lang='lat' dir='ltr'>p.</span> <span class='ocrx_word' id='word_1_266' title='bbox 1323 2299 1393 2331; x_wconf 77' lang='lat'>386</span> <span class='ocrx_word' id='word_1_267' title='bbox 1418 2295 1620 2331; x_wconf 80' lang='lat' dir='ltr'>Camerarii</span> 
     </span>
     <span class='ocr_line' id='line_1_34' title="bbox 101 2352 1617 2399; baseline 0.001 -12"><span class='ocrx_word' id='word_1_268' title='bbox 101 2352 306 2398; x_wconf 72' lang='lat' dir='ltr'>scripturae</span> <span class='ocrx_word' id='word_1_269' title='bbox 332 2353 585 2399; x_wconf 60' lang='lat' dir='ltr'>Triplosplus)</span> <span class='ocrx_word' id='word_1_270' title='bbox 615 2353 826 2389; x_wconf 82' lang='lat' dir='ltr'>addendum</span> <span class='ocrx_word' id='word_1_271' title='bbox 856 2365 935 2390; x_wconf 89' lang='lat' dir='ltr'>esse</span> <span class='ocrx_word' id='word_1_272' title='bbox 960 2353 1254 2397; x_wconf 75' lang='lat' dir='ltr'>existimaverat3</span> <span class='ocrx_word' id='word_1_273' title='bbox 1290 2355 1372 2398; x_wconf 83' lang='lat' dir='ltr'>foro</span> <span class='ocrx_word' id='word_1_274' title='bbox 1390 2355 1479 2399; x_wconf 80' lang='lat' dir='ltr'>plus</span> <span class='ocrx_word' id='word_1_275' title='bbox 1504 2353 1617 2399; x_wconf 87' lang='lat' dir='ltr'>Spen-</span> 
     </span>
     <span class='ocr_line' id='line_1_35' title="bbox 101 2409 1619 2458; baseline 0.001 -13"><span class='ocrx_word' id='word_1_276' title='bbox 101 2409 222 2456; x_wconf 84' lang='lat' dir='ltr'>gelius</span> <span class='ocrx_word' id='word_1_277' title='bbox 252 2411 327 2454; x_wconf 80' lang='lat' dir='ltr'>fere</span> <span class='ocrx_word' id='word_1_278' title='bbox 354 2412 442 2455; x_wconf 73' lang='lat' dir='ltr'>plus</span> <span class='ocrx_word' id='word_1_279' title='bbox 474 2411 719 2458; x_wconf 77' lang='lat' dir='ltr'>Kiesslingius</span> <span class='ocrx_word' id='word_1_280' title='bbox 753 2412 888 2457; x_wconf 87' lang='lat' dir='ltr'>voluit,</span> <span class='ocrx_word' id='word_1_281' title='bbox 924 2412 989 2457; x_wconf 88' lang='lat' dir='ltr'>qui</span> <span class='ocrx_word' id='word_1_282' title='bbox 1022 2412 1174 2457; x_wconf 89' lang='lat' dir='ltr'>quidem</span> <span class='ocrx_word' id='word_1_283' title='bbox 1197 2425 1232 2447; x_wconf 89' lang='lat' dir='ltr'>v.</span> <span class='ocrx_word' id='word_1_284' title='bbox 1259 2417 1303 2447; x_wconf 88' lang='grc'>45</span> <span class='ocrx_word' id='word_1_285' title='bbox 1329 2424 1395 2458; x_wconf 88' lang='lat' dir='ltr'>pro</span> <span class='ocrx_word' id='word_1_286' title='bbox 1419 2415 1619 2447; x_wconf 82' lang='lat' dir='ltr'>scortorum</span> 
     </span>
    </p>
   </div>
   <div class='ocr_carea' id='block_1_6' title="bbox 41 2469 1618 2521">
    <p class='ocr_par' dir='ltr' id='par_1_7' title="bbox 41 2469 1618 2521">
     <span class='ocr_line' id='line_1_36' title="bbox 41 2469 1618 2521; baseline 0.002 -18"><span class='ocrx_word' id='word_1_287' title='bbox 41 2513 44 2521; x_wconf 30' lang='grc' dir='ltr'>ι</span> <span class='ocrx_word' id='word_1_288' title='bbox 98 2469 187 2514; x_wconf 68' lang='lat' dir='ltr'>plus</span> <span class='ocrx_word' id='word_1_289' title='bbox 210 2472 261 2504; x_wconf 73' lang='lat' dir='ltr'>est</span> <span class='ocrx_word' id='word_1_290' title='bbox 282 2469 358 2512; x_wconf 80' lang='lat' dir='ltr'>fere</span> <span class='ocrx_word' id='word_1_291' title='bbox 380 2470 442 2515; x_wconf 86' lang='lat' dir='ltr'>(cf.</span> <span class='ocrx_word' id='word_1_292' title='bbox 468 2470 510 2506; x_wconf 93' lang='grc' dir='ltr'>Ο.</span> <span class='ocrx_word' id='word_1_293' title='bbox 529 2471 755 2507; x_wconf 84' lang='lat' dir='ltr'>Ribbeckius</span> <span class='ocrx_word' id='word_1_294' title='bbox 782 2471 914 2508; x_wconf 64' lang='lat' dir='ltr'>‘Beitn</span> <span class='ocrx_word' id='word_1_295' title='bbox 938 2482 969 2508; x_wconf 69' lang='grc' dir='ltr'>Ζ.</span> <span class='ocrx_word' id='word_1_296' title='bbox 995 2472 1040 2506; x_wconf 93' lang='lat' dir='ltr'>L.</span> <span class='ocrx_word' id='word_1_297' title='bbox 1066 2483 1098 2508; x_wconf 84' lang='lat' dir='ltr'>v.</span> <span class='ocrx_word' id='word_1_298' title='bbox 1123 2473 1159 2507; x_wconf 82' lang='lat' dir='ltr'>d.</span> <span class='ocrx_word' id='word_1_299' title='bbox 1184 2473 1247 2508; x_wconf 84' lang='lat' dir='ltr'>lat.</span> <span class='ocrx_word' id='word_1_300' title='bbox 1276 2472 1398 2507; x_wconf 60' lang='lat' dir='ltr'>Part?</span> <span class='ocrx_word' id='word_1_301' title='bbox 1426 2485 1460 2517; x_wconf 87' lang='lat' dir='ltr'>p.</span> <span class='ocrx_word' id='word_1_302' title='bbox 1476 2473 1511 2516; x_wconf 82' lang='lat'>7)</span> <span class='ocrx_word' id='word_1_303' title='bbox 1535 2482 1618 2516; x_wconf 87' lang='lat' dir='ltr'>pro-</span> 
     </span>
    </p>
   </div>
   <div class='ocr_carea' id='block_1_7' title="bbox 102 2526 1618 2575">
    <p class='ocr_par' dir='ltr' id='par_1_8' title="bbox 102 2526 1618 2575">
     <span class='ocr_line' id='line_1_37' title="bbox 102 2526 1618 2575; baseline 0.002 -14"><span class='ocrx_word' id='word_1_304' title='bbox 102 2526 229 2572; x_wconf 85' lang='lat' dir='ltr'>posuit</span> <span class='ocrx_word' id='word_1_305' title='bbox 250 2538 298 2562; x_wconf 82' lang='lat' dir='ltr'>sc.</span> <span class='ocrx_word' id='word_1_306' title='bbox 318 2528 373 2572; x_wconf 81' lang='lat' dir='ltr'>pl.</span> <span class='ocrx_word' id='word_1_307' title='bbox 399 2531 451 2563; x_wconf 75' lang='lat' dir='ltr'>est</span> <span class='ocrx_word' id='word_1_308' title='bbox 472 2530 588 2572; x_wconf 81' lang='lat' dir='ltr'>foro:</span> <span class='ocrx_word' id='word_1_309' title='bbox 613 2530 679 2565; x_wconf 81' lang='lat' dir='ltr'>sed</span> <span class='ocrx_word' id='word_1_310' title='bbox 701 2530 773 2565; x_wconf 89' lang='lat' dir='ltr'>hoc</span> <span class='ocrx_word' id='word_1_311' title='bbox 796 2531 879 2566; x_wconf 91' lang='lat' dir='ltr'>loco</span> <span class='ocrx_word' id='word_1_312' title='bbox 903 2530 992 2575; x_wconf 90' lang='lat' dir='ltr'>quin</span> <span class='ocrx_word' id='word_1_313' title='bbox 1010 2532 1111 2566; x_wconf 81' lang='lat' dir='ltr'>recte</span> <span class='ocrx_word' id='word_1_314' title='bbox 1129 2530 1354 2566; x_wconf 81' lang='lat' dir='ltr'>Ritschelius</span> <span class='ocrx_word' id='word_1_315' title='bbox 1376 2531 1434 2565; x_wconf 79' lang='lat' dir='ltr'>hic</span> <span class='ocrx_word' id='word_1_316' title='bbox 1458 2530 1618 2565; x_wconf 87' lang='lat' dir='ltr'>inserue-</span> 
     </span>
    </p>
   </div>
   <div class='ocr_carea' id='block_1_8' title="bbox 67 2585 1619 2635">
    <p class='ocr_par' dir='ltr' id='par_1_9' title="bbox 67 2585 1619 2635">
     <span class='ocr_line' id='line_1_38' title="bbox 67 2585 1619 2635; baseline 0.001 -15"><span class='ocrx_word' id='word_1_317' title='bbox 67 2614 74 2621; x_wconf 68' lang='grc'>,</span> <span class='ocrx_word' id='word_1_318' title='bbox 102 2585 154 2621; x_wconf 85' lang='lat' dir='ltr'>rit</span> <span class='ocrx_word' id='word_1_319' title='bbox 175 2587 263 2631; x_wconf 84' lang='lat' dir='ltr'>post</span> <span class='ocrx_word' id='word_1_320' title='bbox 291 2587 490 2622; x_wconf 71' lang='lat' dir='ltr'>soo&#39;rtorum</span> <span class='ocrx_word' id='word_1_321' title='bbox 513 2599 580 2623; x_wconf 90' lang='lat' dir='ltr'>nec</span> <span class='ocrx_word' id='word_1_322' title='bbox 605 2588 838 2635; x_wconf 79' lang='lat' dir='ltr'>Brugmanus</span> <span class='ocrx_word' id='word_1_323' title='bbox 863 2590 886 2625; x_wconf 90' lang='lat' dir='ltr'>l.</span> <span class='ocrx_word' id='word_1_324' title='bbox 914 2602 942 2625; x_wconf 84' lang='lat' dir='ltr'>s.</span> <span class='ocrx_word' id='word_1_325' title='bbox 968 2602 995 2625; x_wconf 83' lang='lat' dir='ltr'>s.</span> <span class='ocrx_word' id='word_1_326' title='bbox 1021 2601 1058 2635; x_wconf 89' lang='lat' dir='ltr'>p.</span> <span class='ocrx_word' id='word_1_327' title='bbox 1074 2593 1119 2625; x_wconf 86' lang='lat'>50</span> <span class='ocrx_word' id='word_1_328' title='bbox 1144 2589 1333 2625; x_wconf 82' lang='lat' dir='ltr'>dubitavit</span> <span class='ocrx_word' id='word_1_329' title='bbox 1355 2600 1424 2624; x_wconf 87' lang='lat' dir='ltr'>nec</span> <span class='ocrx_word' id='word_1_330' title='bbox 1450 2600 1531 2634; x_wconf 87' lang='lat' dir='ltr'>ego.</span> <span class='ocrx_word' id='word_1_331' title='bbox 1568 2588 1619 2623; x_wconf 87' lang='lat' dir='ltr'>At</span> 
     </span>
    </p>
   </div>
   <div class='ocr_carea' id='block_1_9' title="bbox 102 2644 1617 2748">
    <p class='ocr_par' dir='ltr' id='par_1_10' title="bbox 102 2644 1617 2748">
     <span class='ocr_line' id='line_1_39' title="bbox 102 2644 1617 2693; baseline 0.001 -15"><span class='ocrx_word' id='word_1_332' title='bbox 102 2655 139 2678; x_wconf 82' lang='lat' dir='ltr'>v.</span> <span class='ocrx_word' id='word_1_333' title='bbox 164 2647 210 2679; x_wconf 85' lang='lat'>50</span> <span class='ocrx_word' id='word_1_334' title='bbox 238 2644 324 2688; x_wconf 77' lang='lat' dir='ltr'>plus</span> <span class='ocrx_word' id='word_1_335' title='bbox 352 2646 452 2679; x_wconf 86' lang='lat' dir='ltr'>recte</span> <span class='ocrx_word' id='word_1_336' title='bbox 482 2644 611 2680; x_wconf 85' lang='lat' dir='ltr'>iterari</span> <span class='ocrx_word' id='word_1_337' title='bbox 641 2657 715 2681; x_wconf 89' lang='lat' dir='ltr'>non</span> <span class='ocrx_word' id='word_1_338' title='bbox 738 2647 976 2693; x_wconf 86' lang='lat' dir='ltr'>crediderim,</span> <span class='ocrx_word' id='word_1_339' title='bbox 1008 2648 1074 2683; x_wconf 86' lang='lat' dir='ltr'>sed</span> <span class='ocrx_word' id='word_1_340' title='bbox 1097 2647 1174 2683; x_wconf 85' lang='lat' dir='ltr'>tale</span> <span class='ocrx_word' id='word_1_341' title='bbox 1199 2648 1289 2692; x_wconf 86' lang='lat' dir='ltr'>quid</span> <span class='ocrx_word' id='word_1_342' title='bbox 1313 2648 1493 2682; x_wconf 87' lang='lat' dir='ltr'>remotum</span> <span class='ocrx_word' id='word_1_343' title='bbox 1520 2657 1617 2681; x_wconf 82' lang='lat' dir='ltr'>esse:</span> 
     </span>
     <span class='ocr_line' id='line_1_40' title="bbox 105 2702 683 2748; baseline 0.005 -11"><span class='ocrx_word' id='word_1_344' title='bbox 105 2702 288 2738; x_wconf 70' lang='lat' dir='ltr'>Maiorem</span> <span class='ocrx_word' id='word_1_345' title='bbox 311 2703 365 2738; x_wconf 79' lang='lat' dir='ltr'>ibi</span> <span class='ocrx_word' id='word_1_346' title='bbox 388 2702 584 2747; x_wconf 82' lang='lat' dir='ltr'>(rationem</span> <span class='ocrx_word' id='word_1_347' title='bbox 608 2705 683 2748; x_wconf 72' lang='lat' dir='ltr'>sc).</span> 
     </span>
    </p>
   </div>
   <div class='ocr_carea' id='block_1_10' title="bbox 106 2773 1618 2879">
    <p class='ocr_par' dir='ltr' id='par_1_11' title="bbox 106 2773 1618 2879">
     <span class='ocr_line' id='line_1_41' title="bbox 203 2773 1618 2821; baseline 0.002 -13"><span class='ocrx_word' id='word_1_348' title='bbox 203 2774 284 2818; x_wconf 82' lang='lat'>104)</span> <span class='ocrx_word' id='word_1_349' title='bbox 309 2773 373 2808; x_wconf 71' lang='lat' dir='ltr'>isti</span> <span class='ocrx_word' id='word_1_350' title='bbox 395 2785 462 2819; x_wconf 88' lang='lat' dir='ltr'>pro</span> <span class='ocrx_word' id='word_1_351' title='bbox 486 2777 537 2809; x_wconf 67' lang='lat' dir='ltr'>esi</span> <span class='ocrx_word' id='word_1_352' title='bbox 561 2785 606 2810; x_wconf 85' lang='lat' dir='ltr'>ex</span> <span class='ocrx_word' id='word_1_353' title='bbox 630 2775 749 2810; x_wconf 84' lang='lat' dir='ltr'>aureis</span> <span class='ocrx_word' id='word_1_354' title='bbox 767 2775 984 2812; x_wconf 84' lang='lat' dir='ltr'>Buecheleri</span> <span class='ocrx_word' id='word_1_355' title='bbox 1002 2777 1250 2812; x_wconf 84' lang='lat' dir='ltr'>coniectaneis</span> <span class='ocrx_word' id='word_1_356' title='bbox 1275 2779 1343 2820; x_wconf 85' lang='lat' dir='ltr'>est,</span> <span class='ocrx_word' id='word_1_357' title='bbox 1368 2776 1501 2821; x_wconf 88' lang='lat' dir='ltr'>quibus</span> <span class='ocrx_word' id='word_1_358' title='bbox 1525 2776 1618 2812; x_wconf 90' lang='lat' dir='ltr'>item</span> 
     </span>
     <span class='ocr_line' id='line_1_42' title="bbox 106 2832 1522 2879; baseline 0.004 -15"><span class='ocrx_word' id='word_1_359' title='bbox 106 2841 139 2864; x_wconf 83' lang='lat' dir='ltr'>v.</span> <span class='ocrx_word' id='word_1_360' title='bbox 166 2834 210 2866; x_wconf 80' lang='lat'>27</span> <span class='ocrx_word' id='word_1_361' title='bbox 233 2833 433 2876; x_wconf 68' lang='lat' dir='ltr'>propitiast</span> <span class='ocrx_word' id='word_1_362' title='bbox 457 2832 613 2869; x_wconf 88' lang='lat' dir='ltr'>debetur</span> <span class='ocrx_word' id='word_1_363' title='bbox 637 2845 704 2878; x_wconf 91' lang='lat' dir='ltr'>pro</span> <span class='ocrx_word' id='word_1_364' title='bbox 726 2835 851 2879; x_wconf 80' lang='lat' dir='ltr'>potius</span> <span class='ocrx_word' id='word_1_365' title='bbox 874 2839 924 2870; x_wconf 80' lang='lat' dir='ltr'>est</span> <span class='ocrx_word' id='word_1_366' title='bbox 948 2846 992 2870; x_wconf 77' lang='lat' dir='ltr'>ac</span> <span class='ocrx_word' id='word_1_367' title='bbox 1017 2847 1050 2870; x_wconf 88' lang='lat' dir='ltr'>v.</span> <span class='ocrx_word' id='word_1_368' title='bbox 1081 2840 1123 2871; x_wconf 87' lang='grc'>16</span> <span class='ocrx_word' id='word_1_369' title='bbox 1149 2837 1272 2870; x_wconf 75' lang='lat' dir='ltr'>inierit</span> <span class='ocrx_word' id='word_1_370' title='bbox 1295 2847 1362 2879; x_wconf 88' lang='lat' dir='ltr'>pro</span> <span class='ocrx_word' id='word_1_371' title='bbox 1388 2836 1522 2870; x_wconf 76' lang='lat' dir='ltr'>iniecit.</span> 
     </span>
    </p>
   </div>
  </div>
 </body>
</html>
