1904 3106
912 77 1203 118 „18—

441 173 646 230 Cogitato
679 182 774 220 mus
807 181 992 234 pusillus
1025 183 1156 236 quam
1188 182 1246 224 sit
1277 182 1449 237 sapiens
1481 182 1635 236 bestia,

444 245 648 290 Aetatem
681 249 752 304 qui
784 249 861 292 um'
890 251 1020 293 cubili
1049 255 1271 308 nunquam
1303 252 1494 295 comittit
1524 267 1646 295 suam
1657 250 1721 309 ⁸⁸),

291 339 402 381 nihil
436 355 660 386 commune
693 347 758 386 est
790 346 897 388 locis
928 347 1013 389 nisi
1045 372 1102 377 —
1134 347 1338 390 ridiculus
1370 363 1477 391 mus.

410 411 605 470 Denique
638 416 750 470 quod
779 416 1038 460 Schmitzius
1073 419 1126 460 ad
1156 420 1332 462 lacunas
1365 419 1616 461 Truculenti
1648 420 1820 476 explen-

292 482 367 524 das
408 499 495 526 non
536 487 627 528 sine
668 487 812 530 fructu
855 489 1041 544 aliquem
1073 490 1252 532 Thaidis
1292 490 1550 546 fragmentis
1592 491 1655 532 uti
1692 505 1820 546 posse

290 554 438 610 voluit,
470 560 643 610 praeter
674 558 756 600 hoc
787 561 1061 614 proverbium
1095 564 1138 604 et
1168 563 1310 604 locum
1337 576 1463 617 quem
1489 576 1621 616 supra
1647 576 1697 603 ex
1722 577 1820 617 pro-

290 624 390 680 logo
433 628 609 670 exhibui
649 629 758 671 nihil
799 631 995 672 relictum
1038 635 1104 674 est
1144 647 1195 674 ex
1232 632 1512 674 celeberrima
1548 622 1819 674 fabula'nisi

289 698 567 750 πτωχότερον
592 700 763 750 κίγκλου
791 701 970 757 dictum,
1002 704 1210 754 μέταυλος
1237 717 1331 757 vm,
1363 705 1580 758 postremo
1606 703 1820 745 sententia

289 770 503 823 generalis
537 771 669 812 etiam
689 771 888 827 Euripidi
921 774 1148 816 attributa:
1181 774 1425 826 φθείρουειν
1454 775 1534 827 ἤθη
1568 773 1709 826 χρή(θ’
1729 773 1817 826 ὁμι-

288 840 372 882 λίαι
405 841 536 883 κακαί.

405 912 498 955 Iam
525 928 625 956 vero
658 915 703 957 in
734 916 980 972 indagando
1014 931 1168 972 graeco
1201 917 1396 972 exemplo
1429 932 1579 959 ansam
1610 917 1816 972 praebere

288 986 462 1038 poterat
506 985 620 1039 quod
666 986 857 1029 eiusdem
901 988 1091 1030 nominis
1135 988 1266 1030 militi
1281 986 1332 1045 39)
1377 989 1491 1044 apud
1534 988 1817 1031 Menandrum

286 1137 359 1180 (ἐπὶ
385 1141 463 1172 τῶν
490 1138 583 1173 κατὰ
610 1140 739 1183 μικρὸν
766 1141 1030 1184 ἀπορρεόντων
1056 1143 1114 1176 καὶ
1133 1143 1455 1186 ὑπεκχωροῦντων
1473 1145 1541 1176 τοῦ
1563 1140 1676 1187 βίου);
1700 1141 1814 1178 Mant.

288 1196 465 1233 Proverb.
493 1198 536 1242 11,
563 1202 608 1233 25
635 1199 792 1243 (εἴρηται
818 1201 858 1235 δὲ
884 1201 941 1235 ἐπὶ
966 1205 1043 1236 τῶν
1069 1203 1240 1247 ἡσύχων).

381 1269 441 1313 38)
474 1267 630 1304 Versum
662 1269 726 1314 qui
758 1270 925 1315 sequitur
955 1271 994 1306 in
1025 1272 1129 1307 libris
1162 1273 1286 1317 omisi,
1318 1272 1406 1317 quia
1443 1283 1510 1307 nec
1542 1271 1717 1307 Bothium
1748 1281 1815 1306 nec

287 1327 538 1373 Spengelium‚
559 1339 627 1363 nec
646 1329 867 1365 Muellerum
886 1343 954 1367 nec
979 1331 1236 1377 Dombartum‚
1262 1343 1330 1367 nec
1355 1331 1540 1377 Buggium
1566 1342 1633 1366 nec
1659 1329 1814 1376 Seyffer-

285 1388 365 1422 tum
393 1398 520 1422 verum
544 1388 681 1441 'vidisse
707 1391 810 1435 puto,
837 1402 920 1426 cum
946 1403 1030 1426 eum
1056 1391 1240 1437 corrigere
1266 1391 1466 1426 studerent.
1518 1390 1578 1426 Sic
1603 1389 1766 1426 codices:

333 1458 422 1502 quia
447 1458 478 1493 si
504 1459 624 1504 (quasi
651 1459 725 1506 CD)
752 1473 865 1497 unum
893 1461 1018 1497 odium
1046 1462 1185 1506 (odium
1211 1473 1278 1497 om.
1301 1460 1376 1507 CD)
1402 1461 1608 1497 obsidiator
1633 1461 1710 1496 alifi
1732 1471 1813 1506 per-

1137 1521 1282 1567 fugium
1307 1520 1414 1567 gerit.

286 1588 364 1623 Iam
397 1601 440 1624 ex
472 1591 595 1626 odium
627 1603 711 1626 cum
738 1591 950 1628 Camerario
977 1604 1104 1628 omnes
1131 1594 1261 1628 ostium
1288 1591 1489 1627 effecerunt
1513 1591 1603 1627 satis
1629 1591 1721 1627 mire
1746 1591 1813 1626 tri-

284 1648 438 1684 buentes
466 1649 648 1685 ‘aedibus'
678 1651 843 1687 murinis.
884 1652 956 1687 Sed
982 1652 1159 1697 quoniam
1185 1651 1246 1687 OD
1271 1663 1401 1687 vocem
1426 1651 1614 1696 omittunt,
1638 1650 1812 1695 numquis

284 1707 484 1753 dubitabit,
511 1710 600 1754 quin
626 1722 694 1756 per
718 1722 877 1746 errorem
903 1712 942 1746 in
968 1712 996 1746 Β
1023 1710 1222 1756 irrepserit,
1249 1710 1279 1745 si
1304 1721 1481 1746 monuero
1505 1710 1712 1755 proximum
1732 1721 1811 1745 ver-

285 1779 364 1802 sum
393 1768 440 1803 ab
467 1770 590 1804 odium
616 1772 696 1814 (pro
723 1771 836 1805 otium
861 1771 1014 1815 tradito)
1040 1770 1228 1815 incipere?
1278 1771 1357 1805 Iam
1383 1770 1483 1814 quod
1507 1770 1624 1805 restat

331 1839 418 1883 quia
444 1840 475 1875 si
499 1853 614 1875 unum
640 1842 700 1885 (sc.
716 1842 844 1887 cubile)
870 1841 1095 1886 obsideatur,
1121 1841 1223 1876 aliud
1248 1843 1307 1886 (sc.
1323 1842 1451 1886 cubile)
1477 1835 1688 1886 perfugium
1714 1839 1812 1885 gerit

283 1909 571 1955 (simplicissime
602 1914 671 1947 erit
696 1913 902 1958 scripseris;
942 1924 1028 1948 nam
1057 1912 1289 1958 ‘perfugium
1314 1912 1463 1958 gerere’
1491 1911 1566 1946 dici
1590 1911 1737 1956 nequit,
1767 1912 1812 1945 ut

285 1969 416 2014 ‘opem
443 1967 591 2015 gerere’
620 1972 717 2017 sim.)
750 1974 878 2017 aperte
910 1973 963 2007 nil
996 1973 1161 2008 continet
1185 1972 1257 2007 nisi
1281 1983 1407 2007 versus
1432 1971 1495 2016 qui
1521 1970 1708 2006 antecedit
1732 1980 1808 2004 mo-

282 2028 413 2062 lestam
441 2029 745 2076 explicationem,
771 2043 839 2067 nec
864 2032 939 2067 iam
965 2044 1099 2078 operae
1119 2032 1280 2077 pretium
1299 2032 1420 2067 habeo
1440 2029 1691 2066 demonstrare
1713 2039 1808 2074 quae

282 2088 403 2122 adhuc
428 2089 598 2133 prolatae
623 2091 708 2125 sunt
733 2102 755 2125 a
780 2091 869 2127 viris
895 2103 987 2136 quos
1012 2091 1202 2127 nominavi
1222 2102 1350 2126 versus
1369 2090 1609 2126 formationes
1629 2089 1676 2124 ad
1694 2099 1808 2123 unam

281 2158 408 2182 omnes
434 2148 570 2183 habere
597 2161 670 2193 quo
695 2150 930 2196 displiceant.
1537 2152 1541 2162 ⁴

377 2210 436 2251 39)
476 2207 646 2243 Ceterum
678 2221 751 2244 non
785 2211 957 2255 equidem
989 2211 1119 2247 dubito
1151 2210 1240 2256 quin
1270 2210 1309 2245 in
1339 2210 1420 2255 ipsa.
1451 2208 1675 2244 Truculento
1712 2206 1808 2242 alter

282 2267 387 2302 miles
406 2267 586 2312 gloriosus
606 2280 650 2303 ex
670 2269 806 2304 fabulis
826 2270 1059 2305 Menandreis
1077 2270 1344 2305 famosissimus
1365 2269 1682 2303 commemoretur.
1708 2265 1805 2300 Nam

280 2325 344 2360 ubi
371 2325 641 2371 Stratophanes
668 2327 705 2362 in
731 2339 903 2363 scaenam
929 2329 1056 2374 prodit
1081 2329 1124 2372 II,
1152 2334 1183 2372 6,
1212 2333 1228 2362 1
1252 2340 1331 2373 sqq.
1359 2340 1442 2362 cum
1467 2328 1602 2362 exstet:

495 2398 578 2433 Scio
605 2410 674 2443 ego
700 2399 837 2434 multos
864 2399 1126 2434 memoravisse
1152 2399 1290 2434 milites
1315 2398 1567 2434 mendacium:

493 2457 816 2493 Ethomeroniclam
840 2462 872 2493 et
893 2462 976 2502 post
1000 2459 1102 2494 illam
1127 2459 1185 2493 illi
1209 2457 1405 2492 memorari
1424 2459 1543 2501 potest

422 2525 438 2551 5
495 2516 565 2558 Qui
592 2518 629 2551 et
654 2516 815 2551 convicti
840 2517 878 2551 et
902 2516 1140 2551 condemnati
1164 2515 1268 2551 falsis
1293 2516 1339 2550 de
1365 2516 1498 2560 pugnis
1525 2514 1632 2558 sient,

280 2597 386 2622 versu
411 2591 433 2621 4
460 2589 558 2622 recte
585 2589 623 2622 et
649 2587 804 2622 Bothius
823 2588 924 2632 potis
950 2588 988 2622 et
1012 2587 1213 2622 Muellerus
1238 2587 1262 2622 l.
1290 2599 1316 2622 s.
1338 2599 1364 2622 s.
1390 2599 1426 2631 p.
1441 2588 1510 2621 389
1531 2585 1683 2630 postilla
1707 2585 1804 2620 mille

279 2647 379 2690 (post
397 2647 502 2681 illum
521 2647 628 2681 multi
648 2646 882 2692 Spengelius)
903 2646 1163 2688 restituerunt3
1190 2645 1253 2680 sed
1279 2645 1317 2680 in
1336 2656 1462 2680 versus
1486 2643 1667 2690 principio
1686 2643 1802 2679 omni-

278 2705 347 2740 bus
373 2705 449 2740 fere
475 2705 612 2740 criticis
638 2706 763 2741 oculos
789 2705 1019 2750 perstrinxit,
1051 2705 1149 2748 quod
1178 2704 1370 2739 ‘Homeri’
1398 2703 1687 2739 nominationem
1714 2702 1801 2738 odo-

278 2767 464 2807 rarentur;
504 2765 638 2810 quibus
670 2775 735 2798 suo
766 2763 845 2798 iure
877 2763 1052 2808 opposuit
1077 2763 1284 2808 Geppertus
1310 2763 1333 2798 l.
1361 2776 1387 2798 s.
1413 2776 1439 2798 s.
1467 2774 1500 2807 p.
1528 2766 1573 2796 64
1603 2762 1697 2797 nihil
1729 2762 1801 2797 huc

278 2824 459 2867 quadrare
481 2835 523 2857 ex
543 2824 715 2859 Homero.
754 2823 849 2857 Nam
870 2823 927 2858 vel
955 2822 1017 2866 qui
1044 2822 1270 2867 excogitavit
1295 2822 1394 2866 quod
1414 2821 1650 2856 Fleckeiseno
1675 2831 1801 2856 eorum
