1904 3106
771 102 1064 144 -13-

216 207 354 250 Redin
391 223 447 250 an
476 223 564 251 non
595 207 740 250 redis?
789 207 897 249 Ast.
938 206 988 249 Sl‘
1013 209 1140 248 vocat
1170 220 1239 247 me
1269 205 1356 261 qui
1385 203 1431 246 1‘n
1460 218 1529 246 me
1559 206 1678 259 pot-e

1004 276 1103 331 plus
1134 290 1263 331 quam
1294 277 1456 330 potes.

278 359 365 403 Sed
394 362 444 402 ut
474 360 531 402 ad
560 375 658 402 eum
688 360 798 402 unde
828 359 1046 415 profectus
1077 373 1174 400 sum
1203 358 1347 401 locum
1365 355 1599 414 redeam²⁴)
1618 357 1679 399 sic

159 431 248 474 iam
277 431 352 473 ille
382 431 640 486 redigendus
672 431 771 473 erit:

158 501 326 557 1‚2‚74
355 501 462 544 Ast.
503 501 525 544 I
555 502 687 544 intro:
718 501 827 544 halit
858 501 1022 543 alienus
1053 503 1101 542 ni
1127 500 1350 556 quidem's:
1379 514 1480 542 nam
1513 500 1681 542 ecastor

934 572 1152 614 neminem
1182 571 1310 613 hodie

370 642 499 700 Mage
531 645 651 686 amat
681 642 809 686 corde
834 644 962 698 atque
988 642 1132 684 animo
1158 657 1254 696 suo,
1284 642 1322 684 si
1347 641 1519 697 quidem
1543 641 1680 683 habes

935 713 1116 755 fundum
1147 716 1276 768 atque
1309 712 1438 755 aedis.

217 783 295 828 Di.
371 784 422 827 In
454 785 580 827 melle
612 787 713 827 sunt
744 785 916 840 linguae
946 784 1055 826 sitae
1087 787 1258 826 vostrae
1290 785 1419 840 atque
1450 784 1680 838 oratidnes,

371 854 506 898 Facta
545 857 672 910 atque
713 855 843 897 corda
881 855 927 897 in
965 855 1063 897 felle
1104 858 1204 897 sunt
1241 855 1326 897 sita
1363 855 1492 910 atque
1524 855 1678 896 acerbo

937 927 1070 969 aceto.

254 1034 316 1076 24)
339 1030 513 1077 Astaphii
538 1031 721 1066 acerbitas
746 1030 859 1066 etiam
879 1031 997 1066 altero
1015 1031 1180 1066 eiusdem
1200 1041 1356 1066 scaenae
1377 1029 1460 1065 loco
1480 1041 1503 1065 a
1520 1029 1681 1065 librariis

162 1089 437 1136 editoribusque
460 1090 656 1125 obscurata
680 1101 759 1125 esse
783 1090 878 1124 mihi
901 1090 1064 1135 videtur,
1089 1089 1255 1126 versibus
1279 1090 1342 1134 IV,
1361 1093 1395 1132 2,
1415 1093 1459 1124 32
1473 1101 1553 1134 sqq.
1596 1088 1681 1124 Non

160 1159 285 1184 moror
316 1159 385 1184 nec
418 1147 611 1194 Spengelii
642 1148 916 1184 restitutionem
949 1159 1017 1184 nec
1053 1148 1226 1194 Seyfferti
1254 1148 1391 1183 Philol.
1416 1150 1442 1183 t.
1469 1148 1607 1183 XXVII
1632 1149 1680 1192 (a.

162 1209 269 1254 1868)
299 1220 336 1254 p.
361 1211 431 1243 468
450 1219 503 1252 sq.
534 1208 763 1253 improbatas
793 1219 817 1242 a
846 1207 1025 1243 Muellero
1056 1207 1079 1243 L
1106 1220 1133 1242 s.
1159 1219 1185 1242 s.
1212 1219 1247 1252 p.
1275 1211 1342 1242 733
1374 1207 1420 1242 de
1444 1207 1527 1242 loco
1551 1207 1681 1252 despe-

161 1266 271 1303 ranti.
319 1266 524 1303 Praemitto
550 1267 643 1302 nihil
667 1267 803 1302 certius
828 1278 906 1302 esse
932 1278 1046 1312 quam
1070 1268 1156 1312 post
1179 1277 1305 1302 versus
1330 1270 1375 1303 28
1395 1279 1468 1312 sq.:

208 1337 263 1372 De
287 1339 332 1373 e6
356 1349 454 1373 nnnc
477 1338 572 1373 bene
596 1338 681 1372 sunt
703 1338 801 1382 (sum
826 1348 906 1373 cum
932 1337 1038 1372 libris
1062 1336 1296 1382 Spenyelius,
1321 1349 1447 1372 sumus
1469 1337 1591 1382 vulyo)
1615 1338 1683 1372 tua

935 1396 1085 1432 virtute.
1135 1396 1198 1431 Di.
1224 1396 1357 1431 Meane
1375 1397 1419 1431 ut
1440 1395 1584 1431 inimici
1608 1396 1683 1431 mei

207 1453 312 1490 Bona
334 1453 422 1491 istie
446 1455 656 1490 comedint?
687 1457 873 1490 mortuom
898 1455 1021 1490 hercle
1046 1455 1106 1489 me
1130 1465 1243 1499 qnam
1272 1454 1312 1489 id
1340 1454 1465 1499 patiar
1494 1455 1682 1499 mavelim,

162 1525 292 1560 statim
314 1525 458 1570 insequi
483 1526 655 1571 Astaphii
678 1526 793 1561 verba
816 1538 851 1562 v.
875 1530 939 1561 32:

211 1583 283 1638 Qui
306 1595 492 1641 invident,
517 1598 646 1643 egent:
671 1596 747 1631 illis
771 1597 906 1641 quibus
930 1596 1133 1640 invidetur,
1158 1598 1172 1631 i
1196 1607 1274 1632 rem
1299 1596 1457 1639 habent;

163 1665 238 1702 duo
261 1677 350 1702 vero
374 1667 438 1712 qui
461 1667 747 1713 interponuntur
770 1679 898 1702 versus
923 1678 1063 1702 meram
1082 1666 1410 1712 amplificationem
1428 1666 1619 1702 continent
1637 1678 1682 1702 ex

160 1725 245 1761 loco
270 1725 383 1761 simili
406 1725 571 1762 illatam:
594 1726 635 1762 in
660 1726 794 1770 quibus
818 1737 903 1761 cum
926 1726 1014 1762 libri
1038 1727 1256 1762 exhibeant:

209 1796 304 1832 Mihi
327 1797 496 1832 inimicos
519 1797 685 1833 inuidere
710 1807 823 1842 quam
847 1804 907 1832 me
932 1796 1092 1832 inimicis
1117 1797 1210 1832 meis

211 1855 322 1900 (Nam
345 1856 511 1891 invidere
535 1855 601 1891 alii
623 1857 718 1892 bene
744 1867 840 1901 esse,
866 1856 938 1892 tibi
962 1857 1059 1892 male
1084 1868 1164 1892 esse
1188 1856 1398 1900 miseriast),

162 1925 260 1961 male
285 1926 445 1971 priorem
470 1938 617 1962 versum
640 1926 695 1962 ita
719 1927 939 1972 supplerunt
961 1927 1140 1972 editores,
1172 1929 1215 1962 nt
1240 1927 1377 1961 Malim
1400 1927 1683 1972 praemitterent

162 1984 400 2030 transpositis
424 1986 592 2020 inimicos
615 1986 705 2020 mihi
729 1988 768 2021 et
791 1987 952 2022 inimicis
975 1998 1047 2029 me3
1084 1986 1199 2022 immo
1223 1998 1268 2022 ex
1291 1987 1385 2030 mets
1402 1987 1568 2021 extrema
1591 1997 1682 2021 voce

163 2045 293 2080 contra
316 2043 607 2079 concinnitatem
630 2044 759 2079 addita
775 2045 869 2080 malt*
894 2062 939 2074 =
961 2046 1126 2080 mavelim
1151 2045 1375 2080 eliciendum
1394 2056 1462 2080 nec
1480 2045 1682 2090 quidquam
1728 2087 1730 2089 Ι

165 2103 480 2152 transponendum
506 2105 572 2138 est.
621 2104 702 2138 Iam
725 2115 814 2139 vero
839 2115 934 2149 qnae
958 2104 997 2139 in
1020 2104 1126 2139 libris
1151 2106 1323 2139 secuntur
1346 2106 1435 2149 post
1458 2116 1493 2139 v.
1518 2108 1581 2138 32:

213 2173 355 2209 Stultus
380 2173 470 2218 quid
495 2175 550 2208 est
575 2174 718 2219 aperire
743 2174 833 2219 quid
856 2174 932 2210 iam
958 2175 1047 2220 quia
1070 2175 1134 2220 pol
1159 2175 1334 2210 mauelim

210 2232 296 2269 Non
320 2232 409 2268 licet
433 2232 481 2267 do
507 2233 635 2268 obsoni
660 2245 719 2268 me
743 2233 967 2279 participem
991 2233 1071 2269 fieri

164 2290 217 2326 sic
242 2290 499 2326 constituenda.
523 2293 625 2326 sunt:

213 2348 357 2401 Stultus
382 2360 421 2384 es
445 2350 511 2395 qni
534 2350 599 2385 des
623 2352 707 2385 tua!
755 2350 820 2386 Di.
846 2352 896 2386 A!
921 2351 1054 2397 periei!
1104 2353 1195 2387 Ast.
1226 2351 1322 2394 Quid
1345 2351 1445 2386 iam?
1493 2351 1557 2387 Di.
1589 2351 1682 2394 Quia

1012 2411 1075 2456 pol
1100 2411 1217 2446 millu'
1242 2423 1334 2456 sum,

213 2466 284 2501 Nei
307 2467 397 2502 licet
420 2467 520 2511 qnod
544 2467 591 2502 do
616 2469 706 2513 ipse'
720 2468 851 2513 opsoni
875 2470 935 2504 me
959 2469 1181 2514 participem
1206 2469 1298 2504 fieri.
1396 2457 1403 2461 ¹

167 2536 266 2572 Nam
290 2547 335 2571 ex
359 2537 481 2573 verbis
503 2538 568 2590 qui
584 2538 806 2582 invidentur,
831 2540 847 2574 i
863 2551 937 2575 rem
955 2540 1086 2575 habent
1105 2539 1274 2585 sequitur
1292 2551 1374 2575 eam
1394 2550 1473 2575 esse
1491 2540 1682 2575 Diniarchi

168 2595 385 2639 stultitiam,
410 2596 510 2640 quod
534 2607 612 2631 rem
637 2608 741 2632 suam
766 2597 820 2632 eis
845 2597 978 2642 quibus
1002 2598 1077 2634 iam
1102 2599 1247 2634 invidet
1270 2598 1497 2634 comedenda
1521 2599 1680 2634 dederit:

167 2652 268 2698 quod
292 2664 376 2688 cum
394 2665 539 2688 summa
556 2654 790 2700 impudentia
807 2658 846 2691 et
863 2656 1063 2692 insolentia
1082 2657 1303 2702 Astaphium
1323 2657 1472 2701 obiciat,
1498 2657 1684 2692 exclamat

169 2723 211 2756 a,
229 2712 349 2756 perii!
379 2712 427 2746 ad
457 2712 753 2757 desperationem
785 2714 966 2750 redactus.
1020 2717 1190 2750 mauelim
1214 2727 1281 2760 pro
1305 2717 1492 2758 uullul'um
1516 2726 1561 2750 ex
1584 2715 1682 2760 prio-

168 2771 271 2805 ribus
301 2769 466 2816 irrepsit3
503 2782 611 2806 versu
641 2776 687 2806 34
717 2773 846 2807 donati
876 2775 1005 2818 opsoni
1035 2773 1272 2819 Speugelius,
1309 2775 1405 2818 quod
1434 2777 1683 2818 opsomtumst

170 2828 335 2874 Buggius
360 2829 384 2864 l.
410 2841 438 2864 ε.
464 2842 491 2864 s.
517 2841 552 2874 p.
578 2835 647 2866 416
673 2834 951 2875 proposuerunt.
