1904 3106
902 135 943 139 -
1025 111 1110 152 172

454 214 1661 275 BONIMEUIRIPAUPERANTIMPROBJAUGENT

291 297 592 341 Palatinorum
633 300 892 355 scripturam
930 301 993 343 ita
1034 299 1358 355 explicaverim,
1401 302 1449 342 ut
1488 301 1600 342 alent
1640 300 1699 342 sit
1736 315 1826 343 cor-

290 369 463 423 ruptela
500 385 586 412 una
624 386 721 413 cum
761 372 1062 414 emendatione
1095 373 1285 426 servata,
1321 385 1407 413 rem
1438 385 1571 413 meam
1605 374 1749 414 autem
1782 376 1826 415 et

287 441 391 482 mali
422 441 687 495 glossemata
718 444 771 485 ad
803 458 864 486 me
896 446 939 485 et
969 444 1144 496 improbi
1176 443 1430 498 spectantia.
1490 443 1676 498 Auqent,
1711 443 1824 498 quod

291 512 539 566 oppositum
564 514 697 555 verbo
722 517 976 569 pauperum,
1012 514 1118 555 bene
1152 513 1313 555 dictum
1345 517 1411 556 est
1443 514 1565 569 eique
1599 514 1719 556 alunt
1748 515 1826 556 mi-

287 582 406 625 nime
437 584 778 638 praeferendum.

407 667 459 709 V.
484 668 595 710 1158
622 668 821 710 Muelleri
841 668 1185 711 emendationem
1204 669 1291 710 iam
1309 669 1416 710 diem
1434 669 1638 711 multum
1662 682 1744 712 esse
1763 703 1772 712 .
1787 702 1820 712 ..

291 739 599 794 palimpsestus
633 740 871 782 confirmat.

409 820 461 863 V.
498 816 611 885 1179
651 822 792 864 scribe
833 837 927 865 cum
967 822 1007 875 A
1043 823 1189 865 sanein
1234 822 1358 865 estis?
1405 823 1593 878 itemque
1631 838 1668 864 v.
1693 799 1822 865 '1182

292 891 352 933 Ei
383 892 428 934 in
459 893 616 935 malam
648 908 822 949 crucem3
854 894 936 937 hoc
969 894 1084 936 enim
1115 894 1210 936 loco
1242 893 1347 935 EIN
1380 909 1430 936 ex
1461 893 1588 936 EIIN
1618 895 1781 937 natum.

407 975 459 1018 V.
489 977 599 1018 1187
635 991 731 1018 cum
763 977 808 1018 in
839 976 880 1019 A
904 976 1011 1019 haec
1043 976 1151 1018 mihi
1185 978 1469 1031 apparuerint
1497 993 1539 1032 p.
1562 976 1663 1032 419,
1687 975 1716 1019 5
1741 991 1820 1032 sq.:

288 1049 1216 1137 QUIDDOMINOQui——NIAQ

285 1223 338 1265 ad
389 1224 566 1267 lacunas
617 1228 761 1267 autem
812 1155 1051 1280 explendacs)
1096 1226 1258 1281 optime
1310 1225 1519 1281 quadrent
1570 1225 1727 1269 DSOM
1776 1230 1820 1270 et

285 1295 1102 1347 TISMEAQUIDEMKAECKABEO
1139 1298 1331 1348 litterae,
1370 1297 1644 1352 palimpsesti
1675 1312 1819 1340 recen-

286 1366 452 1409 sionem
485 1370 608 1423 patet
638 1368 739 1421 quid
766 1369 867 1410 socii
897 1368 1109 1410 omittere.

403 1449 454 1492 V.
484 1451 594 1494 1191
631 1438 834 1507 quoniam
867 1453 966 1506 post
996 1451 1221 1506 parvulam
1254 1464 1361 1506 quae
1390 1449 1624 1507 KEROLE
1658 1453 1819 1508 excipit

286 1521 486 1564 lacunam
533 1523 726 1578 sequitur
772 1522 808 1563 E
857 1522 1029 1564 litterae
1074 1524 1203 1577 caput
1249 1522 1399 1577 illique
1446 1521 1670 1564 lacunulae
1710 1524 1819 1566 bene

285 1593 543 1647 respondeat
567 1593 607 1636 U
634 1594 805 1636 litterae
831 1594 1033 1648 spatium,
1066 1593 1340 1636 scribendum
1368 1608 1583 1649 propono:
1614 1594 1818 1651 responde,

285 1664 440 1706 obsecro
471 1664 601 1707 hercle
630 1679 724 1707 uero
750 1666 855 1707 sar-io
886 1665 958 1707 hoc
988 1666 1096 1718 quod
1125 1666 1166 1707 tc'
1191 1679 1298 1721 royo,
1330 1680 1439 1720 quae
1470 1664 1699 1708 verborum
1733 1667 1818 1709 col·

285 1735 446 1778 locatio
481 1751 611 1790 quam
643 1737 701 1778 sit
734 1736 1088 1778 commendabilis
1119 1751 1206 1778 non
1239 1739 1304 1778 est
1336 1737 1448 1792 quod
1481 1734 1756 1793 moneam27).

404 1818 568 1861 Versus
594 1819 706 1861 1204
733 1819 777 1860 in
797 1818 1079 1874 palimpsesto
1102 1819 1287 1873 pessime
1314 1819 1456 1861 habiti
1477 1817 1618 1875 (sicut⁴
1632 1820 1816 1876 paginae

287 1891 375 1932 420
409 1905 555 1933 versus
592 1890 734 1932 1-13
767 1888 934 1947 omnes)
966 1890 1073 1932 haec
1104 1890 1295 1932 enotavi:

979 1963 1040 2039 -ᾖ
1191 1995 1815 2052 sMEDITATUMMALEsr

287 2069 361 2111 ubi
393 2069 512 2124 prior
544 2069 698 2111 lacuna
730 2069 901 2111 circiter
937 2069 991 2110 10
1023 2067 1182 2110 litteris
1215 2067 1358 2109 minor
1396 2083 1525 2123 quam
1557 2083 1641 2123 qua
1673 2068 1817 2111 NON-

287 2137 1424 2188 OONFIDITSYOOPKANTAKIGNEQUAMEST
1443 2138 1653 2180 contineri
1666 2140 1819 2195 possit,

284 2214 333 2252 ut
376 2210 572 2252 videatur
615 2209 1006 2252 SYGOPKANTA
1047 2209 1257 2251 omissum
1299 2208 1449 2263 fuisse,
1493 2209 1630 2251 altera
1672 2212 1816 2252 autem

286 2296 374 2323 non
405 2281 536 2335 UGA,
569 2282 642 2323 sed
671 2281 772 2323 UGI
803 2281 963 2322 litteris
994 2296 1074 2335 par
1100 2282 1176 2322 est.

404 2364 457 2406 V.
487 2365 600 2406 1222
632 2380 729 2407 cum
755 2364 795 2406 A
822 2363 1092 2406 scribendum
1125 2363 1252 2405 he'rcle
1277 2366 1312 2404 te
1335 2362 1420 2404 hau
1443 2362 1581 2405 simim
1604 2363 1751 2406 moriri
1775 2396 1785 2406 .
1804 2395 1814 2406 .

403 2447 456 2489 V.
492 2448 605 2490 1234
644 2463 739 2490 cum
771 2447 817 2488 in
848 2447 931 2488 fine
962 2443 1267 2491 IT‘certissime
1303 2447 1501 2500 apparet,
1540 2446 1813 2488 scribendum

285 2534 378 2560 esse
410 2521 608 2574 apparet:

499 2600 685 2657 Sequere
711 2603 770 2643 tu.
802 2616 916 2643 nunc
939 2615 993 2642 ne
1025 2596 1271 2657 expectetis,
1303 2601 1404 2644 dum
1434 2601 1517 2644 hac
1542 2600 1615 2642 uia
1639 2600 1812 2643 redeam

1477 2672 1664 2714 domum.

405 2805 463 2846 27)
496 2801 616 2848 [Idem
649 2800 847 2836 coniecisse
873 2801 1093 2842 Muellerum
1122 2800 1366 2846 ‘Nachtr'age’
1400 2812 1435 2845 p.
1470 2803 1539 2846 ¹:4⁰
1570 2811 1614 2836 ex
1645 2798 1812 2835 Lorentii

284 2861 488 2906 appendice
515 2872 611 2896 nunc
637 2860 786 2896 demum
812 2859 947 2908 video]
