1904 3106
863 53 1158 94 „12-

243 158 473 199 Praeterea
504 157 766 199 monendum
799 160 867 200 est
898 159 943 200 in
969 159 1155 201 editione
1181 158 1471 215 Spengeliana
1497 175 1575 216 pro
1594 161 1776 216 Linquis

243 228 379 271 codici
411 228 446 270 B
478 229 661 284 Ainyuis
692 244 769 284 per
801 245 994 272 errorem
1024 230 1169 273 tribui.
1225 230 1404 286 Alioqui
1436 234 1511 274 aut
1541 247 1596 274 ex
1625 247 1774 276 versus

243 300 286 342 in
330 300 455 342 libris
499 300 764 355 insequentis
809 302 1023 357 principio
1062 301 1313 358 (Amantz's)
1353 305 1580 358 antecepto
1624 304 1777 359 repeti,

243 373 320 413 aut
352 371 406 413 ad
439 371 728 414 denotandam
748 371 953 428 Astaphii
985 388 1217 428 personam
1237 373 1277 415 A
1307 374 1459 417 referri
1491 376 1674 430 poterat,
1707 375 1774 417 cui

243 457 339 484 cum
378 441 636 497 Spengelius
678 442 1079 499 Studemundusque
1118 459 1266 487 versus
1306 446 1373 488 80.
1407 447 1460 488 81
1494 445 1774 488 vindicandos

244 528 335 554 esse
368 513 673 568 intellexerint,
704 529 783 556 nos
816 530 988 557 versum
1011 516 1064 557 79
1088 514 1162 572 (=
1186 514 1261 572 82)
1282 516 1527 558 adiecimus.
1577 515 1640 559 Cf.
1661 531 1698 559 v.
1718 515 1776 559 35

242 584 285 626 A
316 584 432 637 quia,
479 585 534 626 62
573 584 615 626 A
648 584 782 640 Dum,
827 586 884 628 64
921 586 964 627 A
994 587 1066 640 qm·
1089 587 1201 640 potis
1238 587 1284 628 in
1322 587 1358 629 B
1391 586 1526 642 (quia,
1556 588 1673 642 dum,
1703 587 1776 641 qui

236 656 349 710 potis
381 654 501 711 ΟΒ),
552 655 614 709 ΙΙ,
647 657 691 710 6,
724 657 781 698 24
818 657 860 698 A
883 658 1062 711 peperit,
1099 657 1142 699 A
1173 672 1294 712 royas
1324 656 1392 700 Db
1425 657 1619 714 (peperit,
1655 671 1777 712 roqas

243 724 356 782 cet).
401 726 524 768 Hanc
550 742 652 769 vero
674 727 876 782 Astaphii
907 730 1058 770 notam
1090 729 1202 784 quod
1230 727 1295 770 ST
1319 729 1455 771 fuisse
1489 743 1538 771 ex
1571 731 1774 784 corrupto

244 812 368 851 quem
403 798 574 852 putavit
605 799 699 841 loco
731 798 806 853 IV,
839 801 883 854 2,
915 800 972 841 42
1005 800 1175 853 elicere,
1216 814 1345 854 quam
1378 801 1528 854 aperta
1559 800 1771 842 librorum

244 868 431 924 vestigia
468 869 680 924 respicere
713 869 956 925 Geppertus
971 868 1023 924 23)
1061 870 1233 925 maluit,
1273 870 1446 913 silentio
1479 870 1773 926 praeterirem,

243 938 329 980 nisi
368 938 477 980 illud
518 939 660 993 ipsum
693 954 743 981 ex
776 955 860 995 quo
894 939 961 982 ST
995 940 1136 982 effecit
1165 941 1203 983 si
1234 940 1279 982 in
1311 941 1455 983 Plauti
1486 942 1620 984 verba
1650 941 1775 984 redu-

245 1010 426 1051 cendum
461 1012 585 1052 esset.
647 1009 767 1052 Haec
799 1010 914 1052 enim
946 1010 1156 1053 librorum
1190 1011 1405 1066 scriptura
1437 1013 1522 1054 est:

304 1116 445 1159 Redin
484 1132 541 1158 an
577 1131 664 1160 non
701 1117 824 1159 redin
865 1118 902 1160 si
940 1121 1069 1161 uocat
1105 1133 1173 1160 me
1212 1133 1292 1173 que
1331 1116 1461 1175 (quae
1493 1116 1589 1174 OD)
1626 1118 1671 1159 in
1708 1131 1777 1160 me

1099 1191 1245 1244 potest
1272 1189 1506 1245 plusquam
1537 1190 1694 1244 potest.

247 1283 488 1338 Geppertus
522 1283 862 1339 Spengeliusque
903 1298 952 1325 ex
984 1286 1109 1339 parte
1142 1283 1379 1326 Camerarii
1412 1282 1685 1339 Goellerique
1716 1282 1777 1325 in-

247 1355 389 1397 ventis
422 1355 487 1397 usi
521 1355 806 1410 scripserunt:

305 1450 444 1492 Redin
485 1465 540 1492 an
578 1465 666 1492 non
705 1448 849 1492 redis?
919 1449 1026 1493 Ast.
1070 1419 1317 1493 Vocat‘me
1357 1464 1466 1506 quae
1502 1447 1549 1491 1'n
1580 1464 1648 1492 me
1679 1449 1777 1504 plus

1103 1537 1233 1576 quam
1263 1524 1311 1563 tii
1342 1522 1503 1576 potest,

245 1631 382 1671 neque
423 1617 646 1671 quisquam
695 1616 1054 1659 animadvertisse
1097 1617 1267 1659 videtur
1307 1631 1403 1658 cum
1447 1616 1646 1657 vocatam
1689 1629 1777 1656 non

247 1702 340 1730 esse
373 1689 427 1730 ab
460 1702 534 1729 era
552 1687 814 1742 Astaphium
846 1690 939 1729 tum
973 1702 1098 1730 omne
1132 1703 1308 1730 acumen
1343 1686 1474 1729 adimi
1505 1685 1778 1741 responsioni

248 1759 479 1801 ancillulae
515 1758 821 1800 dicacissimae.
882 1758 1023 1800 Immo
1062 1773 1158 1800 cum
1197 1758 1352 1800 acerba
1393 1757 1592 1799 irrisione
1624 1756 1775 1798 obicit:

249 1830 436 1884 ‘redibo‚
469 1829 543 1871 sed
574 1844 662 1871 non
694 1829 748 1871 ad
779 1831 821 1871 te
853 1830 1021 1884 redibo,
1053 1844 1201 1871 verum
1234 1829 1270 1870 si
1303 1828 1383 1870 alii
1413 1830 1587 1883 vocant,
1619 1828 1776 1883 quibus

248 1914 316 1942 me
343 1899 520 1942 addixi’.
571 1899 779 1950 Quocirca
803 1900 1116 1943 mutationibus
1142 1899 1378 1943 lenioribus
1405 1913 1453 1941 ac
1479 1912 1615 1954 paene
1639 1897 1776 1940 nullis

248 1971 511 2013 reddendum
545 1973 610 2013 est
640 1973 812 2026 poetae:

343 2149 403 2191 23)
432 2147 574 2183 εΡῑοηιτ.
596 2147 716 2183 stud?
740 2147 765 2182 I.
793 2147 995 2182 Berl.1870
1015 2158 1050 2192 p.
1067 2149 1153 2181 104:
1182 2145 1254 2180 ‘ST
1282 2146 1329 2180 ist
1353 2145 1412 2180 die
1432 2144 1569 2188 Ohiffer
1587 2145 1651 2179 der
1664 2143 1775 2179 Asta-

243 2208 392 2252 phium,
424 2207 490 2241 wie
524 2217 592 2240 aus
623 2207 686 2241 der
720 2206 979 2251 Veryleichuny
1004 2215 1075 2240 von
1101 2205 1128 2238 I
1137 2204 1178 2248 V,
1203 2209 1247 2249 2,
1272 2207 1322 2241 42
1349 2205 1448 2248 (743)
1473 2203 1540 2238 mit
1566 2202 1642 2246 IV,
1667 2206 1706 2246 2,
1731 2205 1778 2237 14

251 2268 349 2311 (715)
375 2265 602 2310 hervoryeht’
631 2266 699 2300 cet.
745 2265 916 2300 Ceterum
941 2265 980 2300 in
1006 2264 1034 2298 B
1060 2264 1174 2299 etiam
1199 2264 1227 2307 Ι,
1254 2267 1286 2308 2,
1314 2267 1331 2298 1
1359 2263 1560 2308 praefixam
1587 2259 1624 2300 ὰ·
1651 2262 1778 2297 notam

251 2336 330 2359 esse
357 2336 400 2359 cx
426 2324 577 2359 Hinckii
602 2324 816 2360 testimonio
841 2324 967 2367 video,
994 2323 1158 2368 itemque
1184 2323 1211 2367 I,
1239 2326 1271 2367 2,
1298 2326 1342 2357 25
1369 2323 1455 2367 post
1481 2322 1577 2367 aqis,
1615 2321 1647 2365 Ι,
1673 2325 1706 2366 2,
1732 2324 1777 2356 28

251 2385 336 2419 ante
365 2384 473 2429 Quid,
499 2384 527 2427 Ι,
554 2388 586 2428 2,
614 2388 657 2418 69
684 2384 770 2418 ante
798 2382 894 2428 Qud,
921 2393 1004 2417 cum
1029 2382 1056 2426 Ι,
1078 2386 1110 2425 2,
1131 2384 1175 2416 48
1202 2380 1333 2416 mediis
1358 2380 1458 2415 illius
1484 2379 1618 2424 verbis,
1642 2378 1670 2423 I,
1685 2382 1718 2424 2,
1733 2382 1778 2414 30

250 2444 393 2487 autem,
425 2441 588 2486 itemque
615 2443 647 2486 Ι,
675 2447 707 2486 2,
735 2446 789 2477 50.
818 2445 875 2477 52.
902 2445 946 2476 55
979 2440 1111 2476 mediis
1136 2438 1328 2474 Diniarchi
1358 2449 1553 2484 perperam
1583 2437 1777 2473 inseratur.

251 2501 419 2546 Denique
444 2501 495 2544 II,
524 2505 554 2545 1,
583 2505 599 2534 1
630 2500 967 2537 ZASTRAPHIVC
1000 2498 1264 2545 praemittitur,
1296 2498 1359 2541 IV,
1385 2502 1405 2532 3
1432 2497 1557 2533 autem
1582 2492 1610 2534 ὸ
1633 2495 1778 2531 Diniar-

253 2561 378 2604 chum,
405 2560 433 2594 B
460 2559 673 2603 Calliclem,
705 2559 730 2594 C
759 2560 797 2594 et
822 2560 850 2594 Θ
877 2558 1030 2594 ancillas
1057 2558 1263 2603 designant.
1316 2557 1445 2601 Itaque
1471 2554 1498 2595 ὸ,
1523 2556 1612 2591 nota
1636 2555 1779 2590 duabus

252 2620 289 2654 in
322 2618 478 2654 diversis
512 2617 654 2653 scaenis
686 2617 853 2662 personis
885 2617 967 2662 pari
999 2616 1108 2652 modo
1141 2616 1180 2650 in
1206 2615 1432 2650 Truculento
1463 2614 1641 2650 tribuitur
1666 2614 1778 2658 atque

252 2679 290 2713 in
311 2678 526 2713 Trinummo
553 2677 612 2721 (cf.
632 2677 772 2712 Ritsch.
794 2677 849 2712 ed.
865 2677 899 2711 ΙΙ
918 2688 953 2721 p.
969 2676 1064 2720 LV):
1094 2686 1212 2720 neque
1238 2676 1365 2710 tamen
1391 2674 1438 2708 ad
1464 2674 1621 2709 eundem
1645 2672 1778 2708 utrius-

253 2749 323 2782 que
349 2748 528 2782 personae
555 2737 719 2772 actorem
745 2735 963 2771 sumendum
990 2734 1087 2782 trahi
1113 2735 1247 2779 potest.
1301 2733 1373 2768 Sed
1405 2732 1514 2768 facile
1539 2731 1619 2767 fieri
1643 2729 1778 2777 potuit,
1803 2777 1809 2781 ⁸

255 2798 295 2830 ut
321 2798 354 2830 Δ
381 2795 587 2840 (Diniarchi
612 2796 715 2840 nota)
743 2807 825 2829 cum
852 2794 884 2829 A
911 2794 1112 2839 (Astaphii)
1139 2791 1435 2828 confunderetur.
