1904 3106
732 122 1053 163 —167—

254 227 494 271 Trinummi
525 242 563 270 v.
596 227 680 270 780
710 242 788 282 pro
820 227 1030 269 librorum
1055 228 1298 281 propemodo
1331 242 1428 270 cum
1459 227 1524 270 FZ
1555 241 1653 282 pro-

126 299 345 353 pemodum
367 298 696 346 restituendum
736 311 899 339 censeo.
964 296 1062 340 Iure
1104 298 1217 340 enim
1261 298 1439 340 adnotat
1476 297 1652 341 Brixius

134 368 248 424 apud
271 370 458 412 comicos
487 383 575 411 non
605 383 686 410 usu
715 367 860 410 venire
884 367 970 409 nisi
1000 368 1111 410 hanc
1136 368 1332 410 formam.
1394 367 1651 423 Scrupulum

135 439 259 482 inicit
288 443 333 483 et
355 440 605 483 Lorentium
614 437 666 494 23)
699 438 752 481 ad
774 439 1019 493 propemodo
1049 439 1319 494 probandum
1350 441 1497 482 movet
1522 439 1650 482 Pseu-

132 509 223 552 duli
247 509 393 564 v.276‚
412 509 487 552 ubi
504 523 631 564 prope
648 510 764 552 modo
785 507 889 565 (nisi
909 509 1019 565 quod
1038 511 1159 555 modo'
1184 510 1239 566 B)
1261 510 1462 553 Palatini.
1508 509 1651 553 Scien-

132 580 234 622 dum
265 582 330 623 est
359 580 420 623 ibi
450 581 779 636 palimpsestum
810 579 1219 624 PROPEMODUM
1251 581 1463 624 exhibere.

248 662 450 706 Pseuduli
481 679 517 706 v.
549 664 654 718 397,
684 664 758 706 ubi
782 665 855 718 qui
883 677 1009 717 neque
1031 667 1188 718 parata
1213 667 1331 718 matta
1362 665 1460 706 certi
1488 665 1651 706 consilii

130 731 258 789 Bel),
283 732 1586 789 QUOINECPARATIESTQOECQUAMCERTICONSILI
1610 734 1651 777 A

132 803 250 860 (non,
263 807 314 847 ut
324 803 588 847 Ritschelius
607 805 727 861 legit,
746 803 1219 860 NEQPARATUST),
1242 805 1296 847 ob
1317 805 1651 859 discrepantiam

130 875 400 930 palimpsesti
419 878 463 917 et
482 879 712 931 propterea
731 875 845 931 quod
865 876 1048 918 alterum
1069 875 1259 918 eiusdem
1284 890 1386 917 usus
1408 877 1649 931 exemplum

131 959 219 987 non
262 948 401 988 exstet
444 946 672 989 Lorentius
717 947 769 988 de
809 947 1060 1002 integritate
1098 946 1266 988 dubitat
1316 946 1377 988 sic
1404 947 1654 1001 adnotans:

131 1015 261 1070 ‘quita
288 1051 298 1060 .
317 1050 327 1059 .
353 1017 499 1060 consili
527 1017 790 1072 beispiellos,
820 1018 925 1060 aber
955 1017 1066 1060 auch
1096 1016 1278 1059 kritisch
1310 1016 1541 1060 unsicher'.
1589 1017 1650 1061 At

131 1086 333 1142 antiquae
382 1087 639 1130 comicorum
696 1088 871 1142 linguae
921 1088 1145 1130 scientiam
1198 1088 1372 1142 supplet
1419 1087 1651 1130 hodiernus

129 1155 340 1199 Italorum
381 1172 542 1213 sermo3
587 1158 808 1200 simillime
851 1159 967 1201 enim
1006 1159 1154 1201 dicunt
1190 1158 1533 1202 Mediolanenses
1577 1174 1652 1202 na-

126 1230 240 1282 yotia
269 1242 348 1283 pro
377 1228 496 1271 nihil.

246 1308 299 1352 V.
335 1310 422 1352 425
472 1311 509 1352 si
547 1311 642 1367 quis
679 1326 766 1354 non
809 1312 1079 1354 tolerandum
1122 1314 1248 1367 putat
1283 1312 1344 1354 ibi
1383 1313 1429 1354 in
1466 1314 1650 1356 secundo

36 1394 43 1398 ·
129 1379 236 1434 pede
267 1380 478 1436 positum,
523 1382 647 1424 facile
686 1385 875 1435 veterem
914 1383 1096 1426 formam
1137 1384 1365 1426 restituere
1405 1383 1567 1438 poterit
1607 1384 1652 1426 in

129 1449 242 1492 hunc
272 1451 464 1494 modum:
499 1453 774 1506 proficiscere
808 1454 868 1496 ibi
898 1467 1008 1496 nunc
1042 1454 1188 1507 61Ψίᾱο
1220 1487 1229 1496 .
1261 1488 1270 1496 .
1302 1487 1311 1496 .
1367 1453 1569 1496 Ceterum
1605 1455 1652 1496 in

130 1533 256 1562 versu
286 1522 361 1576 qui
389 1523 608 1577 praecedit
640 1538 662 1565 e
688 1523 898 1579 Scaligeri
929 1524 1225 1566 emendatione
1257 1524 1388 1566 scribi
1416 1525 1530 1566 solet
1559 1539 1653 1578 qua

126 1589 182 1631 in
213 1588 333 1644 (quin
363 1591 493 1649 Pall.)
530 1598 812 1648 eomnwabum,
848 1609 945 1636 cum
982 1595 1285 1650 palimpsestus
1317 1595 1468 1637 doceat
1498 1610 1646 1638 verum

129 1658 291 1703 vidisse
321 1660 613 1706 Camerarium
643 1678 721 1718 quo
751 1666 798 1707 in
827 1668 1150 1720 proponentem.

247 1748 300 1790 V.
329 1748 416 1790 433
466 1747 623 1801 exitus,
666 1746 739 1802 qui
778 1746 1018 1789 Ritschelio
1060 1761 1148 1789 non
1190 1748 1409 1802 apparuit,
1452 1748 1523 1791 hic
1566 1752 1651 1792 est:

127 1816 777 1872 MAXUMETffllRENUffiAs.
832 1817 1018 1859 Videtur
1054 1818 1117 1859 ibi
1155 1817 1401 1874 discrepans
1440 1819 1654 1874 scriptura

128 1892 300 1934 servata
324 1903 436 1943 esse,
469 1890 517 1930 ut
542 1889 618 1931 alii
643 1904 721 1944 pro
745 1889 817 1931 sed
842 1890 883 1931 si
910 1889 996 1931 sint
1023 1903 1071 1931 ea
1100 1902 1201 1931 uera
1234 1890 1279 1931 u't
1314 1903 1426 1932 nunc
1455 1904 1554 1932 mos
1583 1895 1654 1933 est

129 1961 350 2003 maxume
372 1959 576 2013 legerint:
602 1992 611 2001 .
638 1991 647 2000 .
676 1960 724 2000 u‘t
745 1973 855 2001 nune
885 1960 976 2001 tibi
998 1960 1301 2002 rentintiant.
1350 1960 1475 2003 Hanc
1500 1964 1646 2003 autem

126 2031 194 2073 illi
225 2031 354 2085 longe
383 2027 725 2083 posthabendam
758 2044 851 2071 esse
883 2030 1130 2086 intelleges,
1170 2031 1206 2072 si
1237 2046 1385 2073 versus
1411 2032 1517 2074 430:
1548 2046 1648 2074 nam

131 2102 261 2158 istaec-
288 2113 392 2154 φατε
426 2099 518 2141 tibi
553 2101 926 2151 renuntiantur,
969 2101 1106 2154 filium
1144 2134 1184 2142 ..
1223 2105 1267 2143 et
1297 2103 1401 2144 42οι
1439 2106 1653 2156 aryentum

128 2172 186 2214 ad
211 2185 303 2213 eam
331 2184 428 2213 rent.
457 2170 530 2212 hoc
559 2171 638 2212 alii
667 2170 770 2212 mihi
798 2172 1093 2212 renuntiant
1122 2172 1368 2215 contuleris.

248 2253 301 2295 V.
343 2253 430 2295 446
478 2253 785 2308 palimpsestus
837 2251 1653 2311 SCELERUMGAPUTKICCORRU-

134 2323 584 2380 PITM1K1F1L1UM,
622 2323 698 2365 ubi
728 2325 777 2365 ut
808 2323 1135 2366 collocationem
1171 2325 1400 2368 verborum
1436 2340 1523 2368 non
1553 2341 1651 2381 pro·

133 2395 320 2436 bandam
369 2393 561 2448 exhibet,
610 2394 672 2435 ita
719 2394 899 2449 Bergkii
942 2394 1052 2449 apud
1096 2394 1349 2438 Lorentium
1398 2396 1645 2451 appendicis

133 2479 174 2519 p.
206 2465 292 2507 264
323 2464 607 2507 coniecturam
640 2466 822 2518 corrupit
851 2465 1089 2507 confirmat.

250 2569 303 2612 V.
334 2570 420 2611 469
452 2570 591 2612 scribe
621 2571 806 2624 nocivas,
837 2584 933 2612 cum
963 2571 1004 2613 A
1030 2571 1233 2615 exhibeat
1263 2537 1526 2627 ffo'QmAS.

252 2639 390 2682 Versu
410 2641 496 2682 472
521 2655 600 2694 pro
624 2641 724 2682 iam
755 2641 826 2682 tan·
852 2641 858 2697 Ι
884 2642 1039 2683 mirum
1068 2643 1115 2685 id
1141 2644 1333 2685 uidetur?
1364 2643 1491 2684 multi
1516 2644 1652 2684 multa

135 2710 418 2764 coniecerunt,
441 2713 588 2758 tamen
608 2725 752 2752 verum
770 2726 858 2753 non
876 2712 1084 2755 viderunt.
1122 2713 1272 2768 Neque
1293 2714 1406 2755 enim
1425 2714 1515 2755 itan
1533 2711 1650 2768 (Aci-

257 2836 302 2884 ²³)
328 2836 382 2874 Cf.
409 2836 651 2883 appendicem
675 2837 852 2873 Pseuduli
875 2850 911 2884 p.
937 2842 1017 2874 260.
