1904 3106
697 120 988 164 „79-

84 229 287 288 Suspicor
317 233 460 274 autem
490 230 623 272 talem
655 229 744 271 fere
776 228 881 270 olim
913 227 1130 270 exstitisse
1160 240 1351 269 versum:

296 325 458 368 Verum
490 326 682 367 actutum
713 324 884 377 n6sces‚
929 322 1123 378 inquam,
1166 336 1234 363 me
1275 320 1403 363 illum
1437 333 1606 362 servom

931 391 1113 435 S6siam.

84 466 149 510 Cf.
179 482 219 510 v.
248 465 334 509 619
366 468 408 508 et
438 466 543 508 625:

296 558 400 610 Quis
435 560 534 601 istic
572 558 768 602 Sosiaeist'?
830 556 909 601 So.
945 558 1054 612 Eyo,
1084 558 1268 611 inquam.
1317 555 1514 612 qu6tiens
1546 555 1606 596 di-

932 628 1163 671 eundfimst
1192 627 1305 670 tibi?

297 700 400 752 Quis
425 701 585 744 homo?
641 699 720 744 SO.
753 699 889 754 Sosia,
915 702 1096 754 inquam,
1127 713 1195 753 eyo
1220 699 1300 741 ille.
1330 699 1501 754 quaeso,
1519 713 1606 739 non

934 770 1186 825 intellegis?

206 845 327 888 Asin.
357 859 396 887 v,
427 844 483 886 96
515 844 616 886 talis
649 846 715 886 est
746 844 790 885 in
823 843 878 885 B:

298 939 392 988 Qua
422 952 489 980 me
521 940 625 979 arte.
658 926 751 992 qua*
772 944 904 979 uxore
937 940 1070 991 quatu
1102 951 1271 978 seruom
1304 950 1502 978 sauream

83 1035 135 1077 In
167 1035 206 1076 D
237 1037 324 1076 arte
355 1046 483 1087 super
513 1045 576 1074 me
606 1032 811 1086 scriptum
844 1034 923 1086 est,
953 1031 998 1072 in
1028 1030 1056 1072 J
1082 1033 1226 1073 autem
1252 1031 1468 1086 glossema
1499 1029 1604 1072 illud

84 1120 261 1161 prorsus
293 1104 422 1147 deest.

204 1175 326 1218 Asin.
369 1190 408 1216 v.
446 1174 499 1216 61
546 1189 623 1228 pro
661 1174 705 1215 in.
737 1174 869 1227 pretio
899 1186 1042 1215 sumus
1077 1171 1106 1214 J
1143 1173 1276 1215 habet
1311 1174 1608 1231 premo-scimus,

84 1261 193 1302 quae
225 1246 437 1301 scriptura
467 1246 611 1288 nescio
644 1259 699 1287 an
730 1244 1010 1300 praeferenda
1041 1245 1111 1286 sit.

206 1316 315 1358 Ibid.
345 1332 383 1358 v.
415 1317 502 1358 675
531 1329 733 1358 meorares
761 1314 816 1370 B3
852 1329 916 1357 me
951 1316 1140 1371 ma{res
1171 1314 1232 1371 (in
1271 1330 1421 1357 rasura
1453 1315 1477 1356 b
1507 1315 1608 1370 fuit)

85 1387 143 1443 D3
186 1400 389 1429 morarem
420 1387 461 1430 J.
521 1386 629 1429 lbid.
660 1402 698 1429 v,
730 1386 883 1441 50311)
922 1388 1098 1429 crederes
1132 1401 1243 1429 mmc
1272 1387 1380 1440 quod
1408 1386 1476 1441 (ex
1508 1388 1610 1439 quid

84 1457 148 1514 hi)
166 1457 226 1513 D3
256 1472 335 1512 quo
365 1459 410 1501 id
438 1458 492 1513 B3
524 1459 700 1500 crederes
728 1459 837 1511 quod
864 1471 974 1500 neme
1002 1457 1087 1510 fers
1118 1457 1208 1499 sine
1240 1461 1484 1499 correctura
1504 1457 1532 1498 J
1544 1456 1607 1514 Ῑ2).

203 1529 326 1571 Asin.
355 1544 394 1571 v,
429 1529 532 1572 105:

299 1610 411 1660 Quid
442 1612 479 1653 si
509 1611 622 1654 forte
652 1611 698 1653 in
730 1610 910 1653 insidias
942 1611 1181 1654 devenero?

205 1704 322 1754 Quae
353 1705 484 1747 verba
514 1719 612 1747 eum
643 1705 755 1747 inter
786 1720 934 1747 omnes
964 1720 1077 1747 nunc
1108 1708 1277 1748 constet
1307 1706 1606 1762 inierpolatori

87 1775 250 1830 deberi,
286 1789 489 1830 quaerere
519 1776 622 1818 lieet
657 1791 760 1819 num
798 1791 899 1819 casu
930 1780 1058 1832 putes
1089 1791 1140 1819 ea
1170 1778 1212 1819 in
1244 1776 1272 1819 J
1305 1777 1465 1819 omissa
1503 1792 1607 1832 esse,

91 1860 216 1900 quem
259 1845 418 1888 librum
462 1847 631 1902 saepius
676 1848 950 1902 glossematis
994 1862 1148 1890 vacare
1191 1851 1373 1890 constat.
1465 1847 1604 1903 Magis

89 1917 222 1958 animi
253 1916 417 1971 pendeo
449 1917 551 1972 quid
580 1917 763 1959 iudicem
796 1918 847 1960 de
879 1917 1024 1960 Aulul.
1055 1917 1096 1960 II
1133 1920 1168 1972 1,
1200 1918 1274 1960 33:

300 2009 382 2052 Sed
414 2010 482 2052 his
513 2010 682 2066 legibus
714 2012 751 2052 si
782 2027 910 2067 quam
942 2012 1043 2054 dare
1076 2012 1139 2054 vis
1170 2012 1334 2054 ducam.

87 2103 201 2146 Nam
231 2103 426 2163 quamvis
457 2103 644 2146 dubitari
675 2107 858 2160 nequeat
895 2105 995 2160 quin
1029 2106 1083 2148 ad
1114 2106 1467 2161 interpolatorem
1499 2108 1606 2150 haec

89 2174 179 2216 sint
213 2174 456 2229 referenda,
497 2178 643 2217 tamen
662 2170 726 2216 'in
762 2175 791 2217 J
834 2190 975 2217 errore
1018 2176 1144 2218 facile
1187 2179 1418 2231 potuerunt
1462 2179 1605 2221 omitti

183 2292 243 2335 11)
267 2290 368 2326 Asin.
395 2303 429 2327 v.
450 2295 518 2326 560
543 2290 596 2326 ita
620 2290 854 2327 scribendum
879 2292 1038 2328 conieci:

300 2350 356 2385 Ne
380 2349 449 2384 illa
467 2350 533 2395 po'l
557 2361 624 2395 pro
649 2350 782 2386 meri‘w
807 2353 906 2386 mine
931 2355 993 2387 tuo
1018 2352 1216 2388 memorari
1240 2353 1361 2389 multa
1384 2356 1547 2399 pessunt.

88 2418 187 2444 nunc
210 2407 250 2443 in
272 2407 440 2444 omnibus
465 2407 569 2444 libris
594 2410 716 2452 extat3
741 2421 808 2454 pro
833 2410 902 2445 illa
923 2411 985 2455 pol
1010 2411 1204 2447 exhibetur
1229 2413 1294 2447 illa
1319 2414 1451 2458 edepol.

184 2468 242 2510 12)
275 2465 415 2509 Quibus
446 2467 541 2502 adde
566 2478 610 2502 ex
635 2467 828 2503 Aulularia
851 2469 962 2505 haec:
999 2469 1032 2503 II
1061 2476 1092 2513 1,
1119 2475 1159 2505 11
1194 2483 1247 2506 me
1278 2474 1361 2516 post
1391 2473 1460 2508 tibi
1490 2472 1559 2507 soli
1583 2473 1603 2506 J

89 2524 261 2569 debetur3
285 2525 338 2560 III
363 2529 396 2568 1,
423 2530 440 2560 l
468 2527 564 2562 eines
588 2528 623 2572 J,
647 2529 751 2563 uiues
776 2527 825 2571 D3
860 2529 958 2564 uires
982 2529 1023 2564 B.
1072 2529 1243 2565 Ceterum
1268 2530 1432 2566 eiusdem
1457 2531 1606 2566 fabulae

90 2593 338 2619 commemoro
362 2597 395 2619 v.
423 2584 456 2619 11
482 2589 515 2630 2,
541 2589 585 2620 30
610 2586 764 2622 fortasse
790 2587 842 2622 sic
868 2587 989 2622 sanari
1013 2599 1138 2633 posse:

230 2654 277 2688 Di
302 2665 360 2689 me
386 2658 545 2692 servant.
583 2657 687 2692 salva
711 2668 769 2692 res
794 2659 868 2700 θεὶς
894 2658 1074 2694 salvomst
1099 2659 1292 2705 signum:
1319 2661 1382 2694 nil
1407 2660 1516 2705 perit.

90 2723 199 2769 siant?
225 2723 294 2760 feci
319 2735 364 2759 ex
386 2725 421 2760 si
438 2726 568 2770 quim),
587 2726 687 2771 quod
705 2726 743 2761 in
761 2726 866 2762 libris
885 2729 952 2763 est.
989 2727 1145 2763 Viderat
1170 2727 1298 2762 Euclio
1324 2729 1449 2763 aulam
1474 2730 1603 2765 etiam-

91 2783 172 2817 tum
195 2783 290 2818 bene
314 2785 481 2828 opertam
507 2794 600 2827 esse3
625 2783 762 2820 frustra
785 2784 900 2830 igitur
923 2785 1090 2831 trepidus
1114 2786 1236 2820 fuerat
1261 2786 1397 2820 veritus
1416 2798 1461 2821 ne
1483 2788 1605 2834 Mega·

92 2840 201 2875 dorus
227 2851 316 2876 auro
348 2841 498 2877 insidias
523 2842 582 2877 vel
606 2845 771 2887 parasset
795 2844 852 2878 vel
878 2846 1073 2888 paraturus
1098 2846 1202 2879 esset.
