1904 3106
880 78 1174 119 „52-

259 182 413 235 fascim’
446 183 471 225 i.
493 199 526 224 6.
545 184 733 237 faximus
763 184 896 225 fuisse
923 183 1174 225 crediderim
1196 208 1250 213 -
1272 184 1316 224 in
1342 183 1520 224 eandem
1546 183 1796 226 societatem

262 253 477 309 adscisco,
519 258 671 310 utpote
705 255 817 310 quod
850 270 902 296 ex
932 270 970 297 v.
1003 255 1061 296 40
1094 255 1147 296 ad
1178 254 1310 296 verba
1340 255 1481 296 demus
1511 269 1562 296 ac
1590 255 1668 297 siet
1696 269 1795 309 sup-

261 325 428 379 pletum
468 326 538 369 sit.
601 326 715 369 Nam
748 329 796 368 ut
829 326 1000 382 singula
1031 325 1181 380 verba,
1212 325 1276 367 ita
1307 340 1603 381 quamcunque
1641 340 1694 367 ex
1731 325 1793 366 eis

263 397 522 438 extricamus
563 399 825 440 sententiam
863 397 1218 446 molestissimam
1257 397 1559 452 repetitionem
1591 397 1796 452 praebere

263 468 503 523 intelleges.
565 467 659 510 Iam
698 483 799 511 vero
841 469 895 510 ab
934 467 1017 510 hoc
1054 467 1348 509 additamento
1382 470 1612 522 postquam
1643 469 1798 521 poetae

264 539 509 581 orationem
540 539 834 595 liberavimus,
866 539 998 594 plana
1030 541 1073 581 et
1105 541 1257 593 aperta
1283 539 1415 580 etiam
1440 554 1478 581 v.
1498 539 1556 580 42
1583 539 1798 593 scriptura

263 609 428 651 evadet.
478 609 678 666 Namque
711 610 889 652 eandem
923 610 1238 651 sententiarum
1269 609 1634 652 constructionem
1665 609 1796 652 habe-

262 696 359 723 mus
392 696 522 736 quam
555 681 700 723 Aulul.
732 681 817 732 III,
849 681 888 736 5,
920 682 948 722 4
969 695 1079 736 sqq.:

442 776 557 819 Nam
590 778 685 818 me6
718 775 890 831 quidem
923 776 1067 818 animo
1101 775 1136 817 si
1167 774 1281 817 idem
1311 774 1479 817 faciant
1510 774 1653 829 ceteri,

443 847 751 903 Opulentiores
784 848 1090 902 pauperiorum
1122 846 1243 888 filias

442 919 503 961 Ut
533 918 755 962 indotatas
788 919 948 961 ducant
979 920 1132 960 uxores
1167 918 1360 960 domum:

441 991 501 1032 Et
532 991 672 1034 multo
705 991 783 1032 fiat
814 989 969 1032 civitas
1003 979 1255 1033 concordior

439 1062 499 1104 Et
530 1061 696 1104 invidia
725 1077 805 1104 nos
838 1061 1002 1103 minore
1034 1064 1207 1103 utamur
1239 1076 1368 1117 quam
1398 1061 1570 1104 utimur.

268 1156 411 1207 Quare
442 1157 504 1199 Et
533 1172 610 1212 pro
642 1171 753 1199 mmo
785 1156 851 1198 vel
881 1157 989 1198 unde
1019 1170 1201 1211 repono,
1233 1157 1523 1211 corruptelam
1556 1157 1699 1198 autem
1730 1156 1794 1198 ita

263 1231 404 1270 ortam
426 1243 520 1270 esse
540 1228 796 1283 putaverim,
821 1230 870 1269 ut
895 1242 946 1268 ex
971 1242 1121 1269 versus
1142 1227 1187 1268 in
1205 1227 1329 1269 libris
1349 1227 1642 1270 antecedentis
1667 1227 1792 1269 initio

260 1301 411 1356 (q)um
436 1300 614 1355 (ostrae)
646 1300 803 1342 iterum
834 1300 948 1341 male
980 1299 1144 1354 aliquid
1174 1300 1408 1354 repetitum
1438 1299 1582 1341 fuerit.

379 1443 498 1485 Haec
528 1443 661 1485 habui
693 1442 1098 1498 impraesentiarum
1131 1441 1181 1483 de
1213 1441 1475 1483 Truculento
1508 1456 1616 1497 quac
1648 1441 1791 1496 dispu-

259 1517 411 1557 tarem.
475 1514 638 1564 Quibus
683 1514 889 1569 quoniam
932 1514 977 1555 in
1019 1513 1204 1568 prologo
1247 1513 1433 1554 maxime
1477 1515 1521 1554 et
1563 1514 1608 1555 in
1651 1513 1792 1567 prima

261 1602 419 1629 scaena
438 1586 583 1628 Plauti
616 1585 857 1628 orationem
891 1587 935 1626 et
966 1585 1020 1626 ab
1054 1584 1236 1626 aliorum
1268 1578 1436 1626 ratione
1469 1584 1573 1626 satis
1605 1584 1790 1626 dissimi-

259 1660 344 1700 lem
377 1661 421 1700 et
451 1659 496 1699 in
527 1657 748 1698 nonnullis
781 1658 935 1699 saltem
969 1657 1003 1698 si
1036 1671 1133 1711 spes
1164 1670 1252 1697 non
1284 1655 1440 1697 fefellit
1471 1656 1535 1697 sui
1568 1656 1789 1711 aliquanto

261 1730 514 1771 similiorem
546 1729 732 1784 reddidi,
765 1743 920 1783 operae
947 1727 1132 1782 pretium
1158 1727 1348 1768 facturus
1375 1741 1468 1768 esse
1495 1726 1603 1768 mihi
1631 1725 1791 1777 videor,
1837 1760 1842 1765 .

261 1801 296 1842 si
342 1816 436 1843 eam
481 1815 608 1855 quam
654 1799 840 1841 assecuti
886 1814 1032 1840 sumus
1077 1812 1277 1840 versuum
1323 1798 1581 1852 scripturam
1598 1795 1666 1854 ¹¹⁰)
1710 1797 1789 1840 sub

260 1873 387 1914 finem
421 1872 670 1913 continuam
703 1885 956 1925 proponam.

854 1998 1199 2042 PROLOGVS

381 2086 642 2140 Perparvam
675 2086 843 2139 partem
876 2084 1073 2139 postulat
1103 2083 1282 2124 Plautus
1315 2082 1397 2124 loci

379 2157 443 2198 De
475 2157 634 2198 moeris
668 2156 836 2211 magnis
871 2157 1000 2210 atque
1033 2155 1227 2196 amoenis
1259 2154 1486 2196 moenibus

379 2228 574 2269 Athenas
607 2243 690 2283 quo
724 2227 814 2268 sine
847 2225 1095 2268 architectis
1129 2225 1334 2267 conferat.

379 2299 490 2348 Quid
522 2298 665 2340 nunc?
700 2298 868 2340 daturin
903 2297 1007 2339 estis
1041 2312 1096 2338 an
1127 2296 1243 2338 non?
1276 2321 1328 2325 ——
1366 2296 1568 2338 adnuont.

377 2370 540 2412 Urbem
572 2371 645 2411 ore
678 2370 761 2411 huc
794 2370 890 2411 (lico
923 2383 990 2410 me
1025 2368 1266 2409 adlaturum
1300 2365 1391 2408 sine
1426 2381 1558 2408 mora.

379 2440 488 2490 Quid
523 2440 562 2499 si
592 2441 642 2482 de
676 2443 825 2483 vostro
859 2439 1082 2495 quippiam
1115 2437 1316 2479 exorem?
1349 2462 1404 2466 —
1438 2437 1643 2478 abnuont.

377 2511 471 2553 Heu
504 2511 725 2553 herclein
758 2511 881 2552 vobis
914 2509 1105 2551 resident
1135 2523 1275 2551 mores
1307 2506 1493 2563 pristini,

375 2582 444 2624 Ad
477 2582 771 2637 denegandum
804 2584 852 2622 ut
884 2580 1012 2621 celeri
1044 2579 1196 2633 lingua
1228 2578 1422 2620 utamini.

318 2381 338 2411 Εἴ

356 2713 439 2755 110)
467 2710 699 2754 Quamquam
725 2707 904 2743 nonnulla
929 2717 1055 2741 eorum
1082 2717 1177 2750 quae
1203 2706 1379 2751 proposui
1400 2717 1442 2740 ex
1462 2705 1597 2740 misera
1614 2705 1782 2741 codicum

257 2769 526 2815 depravatione
553 2768 732 2803 eiusmodi
759 2768 859 2810 suut,
892 2777 987 2810 quae
1018 2765 1079 2800 vix
1111 2765 1148 2799 iu
1174 2765 1294 2810 ipsum
1321 2766 1533 2800 contextum
1559 2775 1668 2809 quem
1694 2763 1783 2799 dici-

258 2841 339 2863 mus
366 2829 580 2874 reciperem,
606 2828 635 2862 si
661 2817 813 2872 quideni
837 2825 1085 2860 editionem
1112 2824 1356 2869 adparaturus
1384 2835 1509 2860 essem.
