1904 3106
881 57 1176 98 -24-

264 162 581 205 Gravissimum
626 163 721 205 dico
766 163 1059 219 fragmentum
1105 164 1208 220 quia
1246 179 1333 207 non
1375 165 1502 208 modo
1547 170 1624 209 τοῦ
1652 158 1792 211 ’ξένου

263 235 469 277 notitiam
495 236 647 290 sponte
675 234 728 276 ad
754 233 1006 276 Strabacem
1037 235 1276 291 referimus,
1308 250 1455 278 verum
1487 237 1619 280 etiam
1650 239 1794 282 claris-

265 307 370 348 sime
403 306 501 348 inde
533 306 832 361 cognoscimus
865 321 1028 348 errasse
1059 305 1357 362 Ladewigium
1387 307 1794 366 Dziatzkonemque,

265 378 337 432 qui
377 394 402 420 a
433 378 591 420 Plauto
630 376 801 418 demum
839 375 1061 419 Strabacis
1098 379 1245 432 partes
1283 393 1379 420 cum
1417 378 1680 423 Stratullace
1716 395 1794 436 per

265 448 678 491 contaminationem
709 447 755 489 in
786 448 982 490 fabulam
1013 448 1283 491 introductas
1315 464 1408 492 esse
1441 449 1794 510 opinarenturss).

265 521 385 563 Haec
417 519 530 561 enim
555 519 675 560 tertii
700 520 922 574 amatoris,
953 520 1191 575 Diniarchi,
1221 521 1353 563 verba
1380 536 1474 564 esse
1499 525 1690 578 apparet,
1719 523 1793 565 ubi

265 592 311 633 in
343 605 542 633 scaenam
574 589 792 645 prodiens,
830 592 879 632 ut
909 591 1034 632 miles
1067 591 1170 646 quid
1199 592 1262 633 rei
1293 595 1397 648 agat
1430 594 1589 637 certior
1617 594 1712 648 fiat,
1742 594 1794 636 de

265 678 379 707 novo
412 662 605 703 amatore
639 660 693 702 ab
726 660 942 716 Astaphio
975 662 1195 717 comperit.

384 732 616 787 Hucusque
655 733 800 775 omnia
836 733 890 775 ad
927 734 1139 789 optimum
1171 737 1424 778 concentum
1455 751 1795 792 consensumque

265 806 543 846 revocantur:
587 819 687 845 nam
726 804 858 846 etiam
895 805 1131 847 meretricis
1170 809 1315 861 partes
1352 807 1486 850 fuisse
1517 808 1563 850 in
1593 797 1796 863 Sicyonio

265 891 362 918 cum
388 890 464 930 per
490 890 533 917 se
560 875 649 917 veri
675 875 815 917 simile
842 878 908 918 est
933 878 1025 918 tum
1051 892 1100 918 ex
1128 876 1485 932 Harpocrationis
1514 879 1796 922 adnotatione

265 947 542 1002 consequitur
573 962 612 1002 p.
637 947 710 988 17:
742 945 1025 990 Ἀναίνεεθαι·
1058 951 1210 990 κοινῶς
1242 949 1319 1000 μὲν
1345 947 1580 1003 ἀρνεῑεθαι,
1607 950 1722 992 ἰδίως
1747 952 1795 992 δὲ

266 1020 336 1062 ἐπὶ
366 1022 454 1061 τῶν
486 1019 593 1061 κατὰ
623 1020 724 1061 τοὺ(
749 1018 911 1070 γάμου(
937 1020 1004 1061 καὶ
1035 1020 1087 1061 τὰ
1118 1019 1345 1072 ἀφροδίεια
1375 1018 1451 1076 (sc.
1482 1021 1795 1076 ἀναινομένων)

268 1092 436 1141 λέγεται
450 1089 516 1146 ⁴9).
574 1091 827 1142 Μένανδρος
852 1091 1078 1146 (ικυωνίῳ.
1129 1090 1304 1147 ‘Negat’
1337 1094 1482 1134 autem
1513 1092 1797 1135 Phronesium

266 1164 309 1203 et
342 1161 624 1216 Stratophani
657 1163 701 1203 et
732 1161 984 1205 Diniarcho.

363 1318 422 1361 48)
454 1315 635 1351 Dziatzko
667 1317 791 1350 autem
818 1315 918 1360 quod
945 1315 1037 1351 dicit
1061 1315 1086 1351 1.
1114 1328 1140 1352 s,
1167 1328 1194 1351 s.
1220 1328 1256 1362 p.
1284 1320 1345 1351 62:
1380 1315 1454 1351 ‘die
1478 1315 1627 1359 Scenen,
1652 1317 1694 1353 in
1717 1318 1796 1353 wel-

267 1376 354 1411 chen
384 1376 447 1410 cler
476 1374 721 1409 Truculentus
752 1375 832 1410 und
865 1375 944 1410 sein
969 1375 1069 1410 Herr
1100 1375 1300 1419 austreten‚
1331 1375 1450 1410 Iassen
1480 1377 1556 1412 sich
1587 1377 1677 1412 ohne
1701 1377 1798 1412 allen

268 1435 437 1470 Sehaden
462 1435 527 1477 fiir
553 1434 612 1469 die
640 1434 850 1469 Oekonomic
875 1435 1173 1478 herausnehmen,
1211 1435 1370 1469 ndnilich
1396 1435 1467 1479 II,
1492 1439 1537 1479 2,
1575 1436 1675 1479 III,
1701 1439 1732 1471 1.
1758 1440 1799 1480 2,

267 1505 368 1529 wozu
393 1494 484 1528 noch
505 1493 569 1536 II,
584 1497 619 1535 1,
633 1496 679 1528 35
693 1494 732 1537 ff.
752 1493 1030 1538 hinzukommt',
1056 1493 1095 1528 id
1114 1505 1243 1529 verum
1267 1505 1342 1529 non
1367 1505 1446 1529 esse
1471 1494 1552 1540 ipse
1577 1493 1690 1530 evicit
1714 1506 1798 1529 cum

268 1554 400 1589 addat:
441 1553 567 1588 ‘Soozst
591 1553 704 1596 findet
729 1553 793 1587 der
818 1553 928 1587 dritta
952 1553 1153 1588 Liebhaber
1177 1554 1241 1588 der
1268 1553 1511 1588 Phronesium
1534 1565 1608 1589 nur
1632 1554 1723 1589 noch
1747 1554 1798 1589 im

270 1616 386 1648 ersten
415 1612 519 1647 Theil
543 1623 614 1647 von
641 1612 717 1655 IV,
743 1616 768 1648 2
794 1612 874 1647 und
897 1613 940 1647 in
963 1613 1027 1647 der
1051 1612 1299 1648 Schlussscene
1323 1623 1394 1647 von
1426 1612 1467 1648 V.
1481 1617 1536 1650 22
1561 1625 1613 1649 an
1636 1613 1797 1648 Bertick-

267 1672 500 1718 sichtiymzy)
540 1671 639 1706 Nam
671 1670 729 1706 his
754 1670 847 1716 ipsis
871 1671 935 1707 ubi
958 1671 1180 1717 ‘praeterea’
1210 1672 1437 1708 memoratur
1461 1671 1553 1707 locis
1577 1671 1798 1718 simpliciter

269 1732 450 1768 removeri
482 1731 624 1776 nequit.
680 1731 849 1776 Denique
881 1730 980 1775 quod
1012 1731 1142 1767 adicit:
1185 1731 1255 1767 ‘Ja
1286 1732 1328 1766 in
1358 1732 1425 1775 II,
1449 1735 1483 1776 3,
1509 1735 1556 1767 15
1575 1733 1614 1776 ff.
1646 1730 1795 1775 (Nescio

270 1803 380 1836 quem
406 1791 687 1836 praestolatast:
715 1790 823 1826 credo
849 1790 1045 1825 militem
1076 1802 1110 1835 q.
1137 1792 1191 1835 s.),
1229 1801 1283 1826 wo
1307 1790 1538 1826 Diniarchus
1562 1791 1640 1829 eine
1662 1791 1799 1834 falsche

276 1851 526 1896 Vermuthuny
551 1850 781 1894 ausfae'thrlieh
806 1849 1023 1894 aussprieht,
1047 1850 1184 1884 scheint
1207 1850 1284 1885 sich
1308 1851 1367 1885 ein
1386 1849 1660 1894 direkterBeley
1684 1849 1800 1893 daswr

269 1912 431 1946 erhalten
456 1922 501 1945 zu
527 1910 655 1952 haben,
680 1910 766 1944 dass
790 1910 841 1944 im
864 1909 1106 1954 yriechischen
1122 1908 1293 1954 Oriqi‘nal
1306 1909 1397 1944 Din.
1416 1920 1492 1944 nur
1510 1909 1638 1944 einen
1654 1908 1797 1943 Neben-

270 1971 395 2007 buhler
418 1969 540 2014 hatte‚’
569 1969 608 2004 id
633 1981 692 2004 me
717 1968 829 2014 plane
854 1980 928 2003 non
953 1966 1171 2013 intellegere
1195 1968 1325 2003 fateor.
1364 1968 1459 2003 Nam
1480 1979 1562 2004 cum
1579 1965 1799 2003 Diniarchus

270 2032 351 2066 tum
377 2028 537 2064 maxime
563 2028 611 2063 ab
637 2027 818 2073 Astaphio
844 2027 1003 2063 militem
1027 2026 1104 2062 iam
1129 2027 1343 2062 adfuturum
1369 2039 1446 2062 esse
1472 2017 1711 2072 compererit,
1745 2025 1799 2060 fa-

271 2089 351 2125 cilis
382 2091 421 2124 et
451 2098 568 2133 prona
594 2086 671 2122 eius
696 2086 860 2132 suspicio
887 2087 950 2121 est.
1002 2085 1074 2121 Sed
1106 2085 1251 2121 accedit
1276 2086 1375 2130 quod
1401 2085 1495 2121 dicit
1521 2085 1676 2121 ‘eredo
1702 2083 1798 2119 mili-

271 2149 377 2193 tem’‚
403 2149 446 2183 ut
471 2146 715 2182 nihilominus
740 2157 849 2191 posse
870 2145 983 2181 etiam
1004 2145 1119 2180 alium
1138 2145 1406 2190 praestolatam
1426 2156 1504 2180 esse
1523 2143 1700 2180 ancillam
1717 2143 1798 2189 ipse

271 2210 411 2245 innuat.

368 2280 427 2321 49)
465 2278 562 2322 Apte
593 2277 664 2312 hoc
697 2276 822 2322 graeci
854 2275 958 2311 verbi
989 2288 1057 2310 usu
1088 2274 1241 2310 Publilii
1267 2275 1347 2320 Syri
1378 2274 1563 2311 sententia
1590 2274 1800 2310 illustratur

272 2353 306 2375 v.
323 2338 458 2374 532R.:
488 2337 588 2382 Quae
612 2337 690 2371 vult
714 2336 832 2371 videri
857 2336 951 2370 be'lla
975 2335 1086 2370 ‘nimis
1107 2335 1208 2370 'nulli
1230 2338 1348 2380 myat,
1374 2334 1438 2369 ubi
1462 2333 1651 2370 Nauckius
1676 2344 1800 2370 assen-

272 2398 390 2433 tiente
421 2396 498 2431 fere
525 2394 730 2430 Ribbeckio
762 2395 859 2430 nulli
877 2395 1000 2438 placet
1024 2394 1207 2429 mutabat.
1257 2393 1330 2428 Sed
1355 2394 1451 2428 nulli
1475 2397 1582 2439 neyat
1606 2392 1800 2429 confirmat

273 2469 306 2493 v.
322 2460 407 2492 351:
437 2455 573 2490 Multis
586 2454 732 2498 placere
751 2454 845 2498 quae'
861 2453 973 2497 cupit,
991 2453 1091 2497 culp
1100 2453 1164 2487 dm
1182 2452 1292 2497 eupit.
1323 2451 1510 2497 ‘Culpam’
1533 2451 1632 2487 enim
1650 2451 1800 2497 proprie

274 2517 320 2551 de
345 2515 400 2550 rei
424 2524 602 2550 venereae
628 2513 746 2548 abusu
771 2511 954 2555 adhiberi,
981 2510 1077 2546 sicut
1100 2522 1167 2546 nos
1193 2511 1238 2546 de
1263 2522 1308 2546 ea
1326 2510 1563 2556 potissimum
1582 2520 1800 2555 usurpamus

276 2576 388 2610 ‘scine
407 2573 592 2609 UnschuId
611 2572 813 2616 verlicren’,
839 2572 987 2616 praeter
1005 2570 1249 2616 posteriorum
1269 2570 1489 2615 scriptorum
1508 2569 1609 2605 locos
1634 2569 1683 2613 (v.
1697 2568 1800 2614 Lex.)

275 2634 430 2668 Plautus
464 2632 573 2667 docet
603 2633 713 2668 Poen.
743 2631 784 2674 V,
811 2634 850 2675 4,
878 2634 938 2665 13:
977 2640 1015 2664 eo
1039 2640 1164 2665 sumus
1187 2633 1322 2675 qnatae
1345 2640 1488 2675 qenere,
1524 2632 1566 2663 ut
1589 2629 1711 2664 deceat
1733 2638 1801 2664 nos

275 2705 346 2729 esse
365 2705 388 2728 a
407 2693 516 2737 culpa
535 2695 654 2727 castas
661 2704 674 2734 ;
699 2691 795 2726 Men.
812 2694 896 2725 768:
923 2689 976 2724 Et
1001 2689 1059 2723 illi
1083 2699 1222 2733 quoque
1247 2688 1348 2732 (dote
1366 2688 1498 2734 fretae,
1516 2687 1672 2731 feroces)
1697 2686 1799 2722 haud

277 2753 457 2787 abstinent
482 2762 586 2796 saepe
609 2751 739 2796 culpa;
777 2749 822 2784 cf.
849 2748 964 2784 Stich.
993 2750 1053 2791 78,
1079 2751 1135 2782 84.
1186 2748 1239 2782 Ae
1270 2746 1428 2782 similem
1459 2747 1506 2782 de
1536 2745 1663 2791 probri
1693 2745 1795 2782 vocis

278 2824 344 2845 usu
371 2810 665 2846 observationem
691 2808 857 2844 Brixium
882 2806 990 2842 video
1014 2798 1135 2842 facere
1162 2806 1208 2841 ad
1234 2805 1313 2841 Mil.
1339 2806 1390 2851 gl.
1414 2818 1448 2841 v.
1463 2809 1543 2841 364.
1581 2805 1677 2840 Hinc
1702 2815 1800 2840 nova
