1904 3106
879 75 1141 115 *2-

251 178 358 219 mihi
390 178 680 220 disserendum
717 179 814 233 erit,
845 181 1101 234 praesertim
1127 195 1224 223 cum
1250 180 1428 236 Bergkii
1452 179 1610 222 iudicio
1631 179 1779 222 Fleck-

249 248 419 290 eisenus
446 248 752 303 subscripserit
764 247 799 306 2)
823 250 1116 306 maioremque
1143 251 1448 293 auctoritatem
1473 251 1780 294 conciliaverit.

368 390 637 445 Quamquam
670 407 755 433 uno
788 392 944 434 saltem
976 393 1171 448 exemplo
1205 394 1296 448 ipse
1329 393 1632 436 Fleckeisenus
1666 394 1780 436 lucu-

248 462 386 503 lenter
417 463 717 517 comprobavit
746 463 982 519 Bergkium
1013 480 1242 519 perperam
1276 465 1458 507 abusum
1489 479 1582 507 esse
1613 465 1659 506 in
1689 479 1778 506 rem

248 532 684 590 demonstrandam3).
727 534 904 576 Etenim
936 549 1085 576 versus
1110 535 1164 589 II,
1190 536 1231 591 4,
1250 536 1306 577 29
1319 550 1380 590 sq.
1413 550 1509 578 cum
1533 536 1579 578 in
1605 535 1640 577 A
1669 535 1781 578 tales

248 606 438 646 exstent:

463 690 612 717 uerum
645 678 882 730 tempestas
914 677 1130 732 quondam
1163 677 1263 719 dum
1295 678 1433 720 uiuixi
1463 678 1548 720 fuit

463 761 559 788 cum
590 748 705 788 inter
735 762 815 788 nos
849 747 1129 790 sordebamus
1162 749 1272 791 alter
1303 748 1353 790 de
1386 749 1543 804 altero,

249 818 294 859 111
324 816 359 858 P
391 816 600 874 autem4):

463 905 612 931 uerum
644 891 882 944 tempestas
914 891 1089 932 memini
1122 890 1339 946 quondam
1369 890 1454 932 fuit

461 975 559 1003 011111
590 961 704 1003 inter
734 976 814 1003 nos
848 962 1119 1004 sorderemus
1152 962 1298 1017 alteri,

251 1032 453 1088 quoniam
485 1035 641 1075 neutra
674 1033 887 1088 scriptura
918 1047 995 1075 nec
1027 1048 1052 1074 a
1079 1033 1293 1075 sententia
1317 1047 1397 1074 nec
1424 1047 1450 1074 a
1475 1046 1672 1075 sermone
1702 1046 1781 1074 nec

248 1119 274 1145 a
305 1106 443 1145 metro
477 1106 591 1145 stare
623 1106 784 1158 potest,
823 1104 917 1159 quis
955 1106 1183 1159 utramque
1214 1104 1395 1159 negabit
1426 1103 1481 1145 ad
1517 1118 1647 1146 unam
1680 1117 1780 1144 ean-

249 1175 431 1230 demque
470 1175 725 1217 memoriam
763 1176 957 1217 revocari
995 1179 1069 1217 aut
1106 1190 1232 1230 posse
1271 1177 1347 1217 aut
1384 1174 1568 1216 debere?
1611 1173 1782 1229 qualem

248 1246 362 1288 hanc
393 1245 498 1288 olim
529 1246 663 1288 fuisse
695 1246 997 1288 Fleckeisenus
1030 1247 1155 1288 vidit:

460 1320 611 1359 verum
642 1320 879 1372 tempestas
911 1317 1088 1359 memini
1122 1331 1251 1372 quom
1283 1317 1445 1358 dudlim
1477 1315 1561 1357 fuit

462 1403 592 1444 quom
623 1388 737 1430 inter
766 1403 847 1431 nos
880 1389 1160 1431 sordebamus
1193 1389 1302 1430 alter
1334 1387 1473 1429 alteri.

251 1458 336 1501 Sed
368 1459 482 1501 idem
517 1459 568 1501 de
608 1460 704 1502 aliis
738 1460 945 1515 exemplis
984 1460 1211 1502 dicendum
1250 1459 1342 1501 erit.
1403 1458 1538 1501 Velut
1566 1457 1627 1512 II,
1651 1457 1698 1513 4,
1724 1457 1780 1500 23

252 1530 366 1586 quod
401 1531 437 1572 A
468 1531 602 1573 habet
631 1531 794 1586 triplici
826 1531 1138 1574 allitteratione
1171 1534 1387 1574 ornatum:

462 1602 560 1657 plus
592 1602 797 1657 pollicere
830 1617 959 1658 quam
992 1602 1069 1645 abs
1101 1604 1144 1644 te
1177 1616 1307 1656 posco
1341 1604 1416 1644 aut
1445 1601 1636 1657 postulo,

250 1673 283 1715 P
316 1688 416 1716 vero
451 1688 546 1715 cum
579 1673 702 1715 hiatu
734 1674 994 1716 bellissimo:

463 1745 564 1799 plus
600 1744 807 1799 pollicere
839 1759 970 1799 quam
1003 1758 1082 1799 ego
1116 1760 1142 1786 a
1172 1746 1215 1785 te
1246 1745 1438 1799 postulo,

251 1815 345 1870 quis
379 1830 539 1871 quaeso
572 1830 668 1857 cum
695 1815 883 1870 Bergkio
911 1813 968 1869 (p.
994 1814 1094 1871 134)
1120 1815 1416 1857 Palatinorum
1447 1813 1704 1868 scripturam
1730 1827 1781 1855 ex

250 1887 364 1942 ‘plus
402 1887 606 1941 pollicere
646 1886 829 1942 quamde
866 1899 946 1941 ego
979 1901 1004 1927 a
1034 1888 1078 1927 te
1109 1884 1300 1941 postulo'
1339 1887 1478 1927 ortam
1515 1899 1609 1926 esse
1641 1886 1782 1926 sumet

250 1958 396 2012 potius
447 1973 575 2013 quam
630 1957 799 1999 librarii
847 1956 992 1998 oculos
1044 1971 1069 1998 a
1113 1956 1258 2012 pos[co
1306 1955 1404 2011 aut]
1454 1956 1677 1998 aberrasse
1727 1955 1781 1997 ad

249 2029 457 2084 [posflulo
468 2028 532 2085 ⁵)‘?
594 2029 653 2071 Et
683 2028 790 2070 haec
826 2027 998 2082 quidem
1036 2027 1328 2082 discrepantia
1364 2027 1544 2082 numqui
1581 2026 1724 2068 differt
1753 2041 1780 2068 a

252 2101 424 2142 diversa
454 2115 602 2142 versus
627 2100 660 2154 I,
681 2101 720 2154 2,
739 2100 794 2141 27
828 2098 1081 2154 traditione,
1113 2114 1243 2154 quam
1274 2098 1408 2154 probe
1428 2097 1641 2153 Bergkius
1674 2097 1780 2139 omi-

255 2171 341 2213 sit?
403 2170 470 2212 Ibi
503 2171 617 2212 enim
649 2171 764 2226 quod
796 2170 1087 2213 Ambrosiano
1121 2169 1341 2211 debemus:

467 2242 574 2283 bene
606 2241 712 2283 dicis
744 2241 1015 2296 benigneque
1050 2255 1178 2294 vocas
1211 2239 1472 2294 Astaphium
1564 2239 1718 2281 amabo

349 2408 384 2452 ⁶2)
410 2407 503 2441 Ann.
531 2405 623 2451 phil.
641 2407 676 2441 4..
698 2405 744 2441 CI
769 2406 816 2450 (a.
839 2406 944 2450 1870)
970 2417 1006 2450 p.
1029 2408 1096 2440 709
1109 2415 1187 2449 sqq.

349 2468 385 2510 3)
411 2466 435 2500 l.
463 2477 490 2500 s.
518 2477 544 2502 s.
571 2477 606 2510 p.
629 2469 714 2500 711:
753 2465 806 2499 ‘so
831 2465 911 2499 sehr
935 2465 994 2499 ich
1018 2465 1068 2499 im
1093 2463 1246 2508 princip
1270 2462 1411 2507 Beryks
1435 2463 1578 2498 ansicht
1600 2462 1688 2498 aber
1711 2463 1780 2499 das

252 2526 469 2560 verhc'c‘ltniss
488 2526 552 2560 der
571 2525 697 2559 beiden
716 2525 946 2559 recensionem
965 2534 1011 2559 zu
1030 2523 1206 2558 einander
1223 2522 1288 2565 fiir
1305 2522 1439 2567 nenti-q
1456 2522 1552 2557 halte
1562 2522 1652 2565 (sich
1664 2521 1779 2567 oben),

253 2593 292 2618 so
321 2583 458 2618 scheint
489 2594 526 2618 er
557 2584 628 2618 mir
660 2583 750 2618 doeh
780 2583 858 2617 hier
889 2583 966 2618 sich
996 2583 1045 2617 im
1070 2583 1204 2617 iro-tum
1228 2592 1274 2615 zu
1305 2581 1478 2624 befinden.
1528 2581 1652 2615 beiden
1674 2580 1778 2616 aber-

254 2643 479 2687 lieferunyen
504 2642 588 2686 lieyt
612 2642 780 2676 vielmehr
805 2642 882 2676 eine
907 2641 1044 2686 einziye
1067 2641 1221 2685 fasszmy
1245 2650 1292 2674 zu
1315 2639 1483 2684 yrunde’.

349 2702 386 2746 4)
411 2701 483 2735 Per
500 2700 529 2734 P
550 2711 634 2735 cum
652 2699 815 2745 Bergkio
842 2699 1010 2745 significo
1037 2699 1206 2734 codicum
1225 2699 1318 2735 BCD
1338 2699 1556 2744 scripturam
1577 2699 1645 2733 aut
1667 2697 1780 2742 plane

255 2761 320 2794 aut
343 2770 462 2803 paene
488 2759 791 2795 consentientem.

351 2819 386 2862 5)
414 2818 466 2854 Cf.
493 2818 738 2864 Kiesslingius
763 2820 856 2853 Ann.
882 2818 973 2863 phil.
1000 2820 1027 2853 t.
1054 2817 1187 2853 XCVII
1213 2818 1260 2862 (a.
1284 2819 1387 2862 1868)
1413 2829 1447 2862 p.
1470 2820 1548 2852 615.
