1904 3106
716 96 1005 138 -19-

102 207 248 260 partes
282 204 417 246 fuisse
454 203 499 245 in
530 195 743 257 (ικυωνίῳ
781 216 832 243 ex
863 215 989 243 versu
1021 198 1240 253 colligitur
1271 195 1385 251 apud
1416 194 1622 236 Photium

102 290 142 318 v.
173 274 452 327 Ετρατοφάνη
496 275 679 315 servato.
747 271 873 314 Hanc
914 270 1104 314 nominis
1148 266 1494 311 communionem
1536 265 1621 306 iam

104 345 180 388 alii
219 345 613 388 animadverterunt
651 343 761 385 nihil
801 345 947 385 tamen
987 341 1084 384 inde
1126 339 1370 381 efficientes.
1432 336 1490 378 At
1530 335 1623 390 ipse

102 430 251 459 versus
288 415 363 458 ubi
398 429 556 458 nomen
586 416 739 470 exstat,
770 413 850 455 etsi
881 414 1109 467 corruptus
1143 412 1220 464 est,
1252 408 1419 450 animos
1450 408 1623 448 nostros

105 487 291 530 excitare
322 485 467 528 debet:

193 556 488 610 (τρατοφάνη,
521 555 639 598 λιτόν
670 553 767 597 ποτ’
797 553 909 606 εἶχε(
941 553 1174 605 χλαμύδιον
1206 551 1274 593 καὶ
1305 552 1505 592 πελαενα.

103 627 169 671 Ac
203 628 392 684 primum
428 626 597 682 quidem
635 626 784 668 statim
820 625 864 666 in
903 626 1092 666 mentem
1123 622 1243 665 venit
1273 635 1363 664 non
1394 619 1624 675 paenulam

105 699 299 755 quidem,
324 698 569 750 χλαμύδιον,
602 695 675 738 sed
705 695 932 751 pallulam,
963 694 1195 747 χλανίδιον,
1228 692 1358 735 etiam
1389 691 1435 732 in
1466 690 1625 732 Trucu-

103 770 221 812 lento
254 767 589 824 Stratophanem
620 766 772 809 afferre
802 765 857 821 II,
889 766 928 820 6,
959 765 1017 807 55
1037 779 1145 820 sqq.:

165 851 264 894 Mea
293 851 515 906 voluptas,
547 849 675 892 attuli
707 863 850 891 eccam
881 848 1092 903 pallulam
1123 861 1174 888 ex
1205 844 1400 901 Phrygia
1430 844 1525 886 tibi.

162 921 279 965 Tene
314 921 410 965 tibi.
469 921 580 964 Phr.
625 919 766 963 Hocin
797 919 906 962 mihi
937 919 992 961 6b
1023 919 1196 961 labores
1227 918 1374 960 tantos
1405 915 1626 958 tantillum

955 990 1063 1032 dari!

99 1052 226 1106 ‘Haec
267 1064 412 1104 autem
455 1061 666 1104 vocabula
709 1061 880 1116 saepius
923 1061 1038 1103 inter
1082 1075 1127 1102 se
1170 1060 1351 1103 confusa
1398 1059 1481 1101 hoc
1531 1058 1625 1100 loeo

103 1135 281 1190 propter
309 1132 647 1185 (τρατοφάνηε
677 1146 835 1174 nomen
865 1132 1056 1187 proclive
1088 1134 1182 1173 erat
1212 1130 1466 1186 permutari:
1510 1129 1628 1171 velut

105 1203 219 1260 apud
248 1203 558 1260 Alciphronem
589 1202 728 1258 Epist.
747 1202 781 1257 I,
800 1203 869 1257 38,
889 1203 915 1245 8
947 1202 1131 1245 Vindob.
1157 1202 1197 1244 A
1229 1200 1449 1254 χλανίδιον
1480 1200 1629 1241 intulit

105 1289 186 1330 pro
217 1275 461 1327 χλαμύδιον,
506 1274 607 1329 quia
643 1274 689 1315 in
721 1273 869 1315 eadem
901 1273 1086 1328 epistula
1115 1271 1333 1328 praecedit
1364 1271 1627 1323 χλανίδιον

106 1343 188 1400 (sic
222 1344 462 1388 Meinekius
499 1360 549 1387 ex
589 1344 714 1399 Flor.‚
756 1344 888 1386 ceteri
926 1342 1185 1398 χλανίεκιον)
1222 1343 1278 1385 τὸ
1318 1342 1460 1383 λιτὸν
1498 1344 1627 1383 τοῦτο

107 1416 178 1458 καὶ
207 1416 444 1468 δημοτικόν.
504 1415 729 1457 Menandri
767 1418 911 1457 autem
948 1415 1044 1457 loco
1084 1429 1213 1469 quam
1250 1414 1358 1456 bene
1389 1413 1508 1454 λιτὸν
1540 1412 1628 1466 epi-

106 1486 263 1529 theton
304 1486 453 1529 eadem
496 1487 662 1528 ratione
708 1501 804 1527 cum
848 1485 1068 1537 χλανίδιον
1111 1485 1387 1526 coniunctum
1428 1483 1628 1524 vilissimi

106 1557 293 1600 muneris
337 1559 632 1611 contemptum
674 1555 983 1610 fastidiumque
1028 1554 1271 1609 significare
1311 1554 1451 1608 possit
1487 1544 1628 1608 quivis

107 1628 236 1670 facile
267 1627 434 1670 sentiet.
488 1627 582 1669 Iam
614 1627 660 1668 in
691 1640 839 1667 versus
870 1625 954 1667 fine
986 1625 1023 1666 si
1055 1627 1169 1666 recte
1199 1624 1391 1679 Toupius
1423 1623 1538 1666 παῖδ’
1553 1624 1629 1666 ἕνα

108 1699 302 1741 restituit
325 1723 373 1728 —
398 1702 442 1739 et
471 1697 711 1752 speciosam
743 1710 845 1737 sane
877 1696 1166 1738 coniecturam
1198 1695 1496 1751 approbarunt
1525 1694 1629 1736 Mei-

106 1769 259 1811 nekius
290 1770 419 1823 atque
443 1767 640 1810 Naberus
672 1767 784 1808 falso
804 1766 997 1809 Porsono
1029 1780 1125 1807 eam
1155 1766 1350 1809 tribuens
1363 1764 1417 1821 4⁰)
1442 1791 1491 1795 —
1515 1765 1629 1820 apud

110 1943 243 1979 saltem
276 1954 372 1988 quae
404 1942 596 1988 proposita
630 1943 754 1977 essent
789 1942 950 1976 maxime
988 1942 1275 1976 consentaneum
1314 1952 1393 1976 esse
1429 1941 1629 1986 videretur,

111 2002 276 2048 Buggius
299 2002 324 2037 l.
351 2014 379 2036 s.
404 2015 431 2037 S.
457 2014 493 2047 p.
519 2006 600 2045 410,
626 2001 825 2037 concedere
851 2002 1001 2036 coactus
1026 2002 1094 2044 est,
1119 2012 1150 2035 sl
1174 2011 1297 2035 secum
1322 2000 1564 2035 scriberemus

158 2078 208 2118 Et
231 2083 382 2119 Homeri
406 2084 563 2119 Iliadam
583 2073 784 2128 (Giliadam
803 2083 1074 2126 Fleckeisenus)
1101 2084 1139 2118 et
1163 2084 1248 2127 post
1272 2082 1339 2117 illa
1362 2082 1466 2117 mssle
1491 2095 1539 2117 m.
1560 2094 1596 2127 p.

38 2175 41 2177 -
110 2165 184 2190 non
209 2154 300 2190 satis
324 2156 536 2189 accuratam
555 2154 708 2190 Homeri
726 2154 943 2189 memoriam
963 2164 1053 2190 esse.
1093 2153 1213 2195 Quare
1233 2165 1317 2188 cum
1336 2153 1478 2197 aliquid
1504 2154 1629 2187 tamen

0 2223 1 2230 ¹
35 2219 39 2221 ’
110 2213 330 2248 mutandum
354 2212 412 2256 sit,
438 2213 527 2257 quid
552 2213 703 2248 tandem
728 2213 796 2248 illa
820 2214 926 2248 tanta
951 2224 1034 2247 cum
1059 2212 1239 2258 religione
1265 2212 1516 2247 conservanda
1534 2213 1630 2253 sunt,

38 2319 39 2322 Ἴ
111 2281 207 2316 quae
237 2282 309 2306 non
341 2271 549 2316 quadrant?
598 2273 695 2307 Nam
727 2272 898 2316 equidem
929 2283 1012 2306 meo
1043 2271 1134 2306 mihi
1160 2272 1239 2306 iure
1264 2283 1308 2307 ex
1334 2272 1371 2306 th
1393 2299 1400 2306 .
1424 2298 1431 2305 .
1454 2298 1461 2305 .
1483 2271 1631 2304 oniclam

114 2329 250 2364 litteris
283 2330 501 2365 concludere
534 2330 663 2365 videor
695 2342 770 2366 non
800 2331 915 2366 alium
946 2331 1015 2365 hoc
1046 2330 1129 2365 loco
1160 2330 1343 2365 exstitisse
1375 2329 1533 2364 militem
1558 2327 1630 2362 nisi

111 2387 175 2432 qui
206 2389 399 2424 ἀλαζόνων
429 2389 600 2434 princeps
631 2391 671 2424 et
695 2389 958 2435 antesignanus
988 2388 1111 2433 ipsum
1142 2399 1277 2424 nomen
1309 2389 1393 2423 huic
1426 2397 1544 2422 novae
1570 2396 1629 2420 co-

111 2446 278 2482 moediae
320 2458 498 2491 personae
541 2448 739 2484 stabilivit:
786 2448 1054 2483 Thrasonidam
1097 2458 1141 2482 ex
1182 2447 1377 2482 Menandri
1413 2446 1629 2480 Misumeuo.

113 2503 223 2539 Cuius
249 2505 514 2550 Stratophanes
536 2505 711 2541 ‘amicam
729 2506 867 2542 visens'
889 2505 1082 2551 aptissime
1102 2506 1282 2550 meminit,
1309 2505 1399 2550 quia
1422 2505 1487 2539 ille
1512 2513 1630 2538 vanae

111 2563 322 2599 iactationis
358 2563 662 2609 gloriationisqne
698 2565 833 2600 iterum
867 2564 1076 2609 iterumque
1110 2564 1331 2599 ‘convictus’
1366 2562 1544 2598 acerrimo
1583 2561 1630 2595 ab

51 2616 53 2618 ’
112 2622 233 2656 amica
269 2622 353 2657 odio
389 2623 546 2668 ipsaque
583 2624 793 2659 exclusione
832 2624 1139 2659 ‘condemnatus'
1180 2626 1277 2666 erat,
1316 2622 1414 2667 quod
1450 2622 1564 2665 caput
1594 2622 1631 2654 et

114 2691 296 2715 summam
321 2681 470 2717 fabulae
495 2682 807 2717 celebratissimae
833 2682 945 2717 fuisse
970 2682 1114 2718 scimus.
1166 2683 1294 2726 Itaque
1321 2679 1571 2715 scribendum:

325 2744 374 2786 Et
398 2752 664 2788 Thrasonidam
690 2753 730 2787 et
752 2753 907 2798 postilla
930 2753 1033 2788 mille
1058 2753 1255 2787 memorari
1279 2750 1388 2796 potis.

208 2823 267 2866 40)
300 2821 371 2857 Sed
402 2822 559 2867 cogitari
591 2823 723 2858 saltem
755 2823 866 2858 etiam
900 2823 975 2857 alia
1006 2825 1177 2868 possunt,
1216 2822 1319 2857 velut
1348 2821 1501 2863 νάρδινα
1534 2830 1630 2864 quae

1301 2879 1348 2914 2²52
