1904 3106
0 884 17 1186 *vv-,⁴3:³*vvmww1w-v
0 846 9 853 ,-
0 739 19 822 ...--(.
3 698 6 699 ¹
0 652 3 655 ,

742 128 1004 170 -3-

117 235 199 277 etsi
236 234 451 291 quomodo
488 234 683 276 versibus
722 233 1045 276 describendum
1084 232 1142 274 sit
1179 230 1434 286 Spengelius
1466 229 1639 271 Brixius

117 304 407 360 Kiesslingius
431 303 664 346 Muellerus
687 303 990 346 Fleckeisenus
1016 301 1213 358 Buggius
1238 300 1468 355 Maehlyus
1496 300 1640 342 varias

118 375 442 431 contrariasque
479 375 668 417 rationes
706 374 1023 430 excogitarunt,
1059 376 1206 414 tamen
1235 371 1533 414 Palatinorum
1570 371 1639 412 de-

117 447 394 488 trimentum=

328 515 516 570 benigne
547 515 652 557 dicis
683 514 815 557 Astat
844 515 898 556 eii
928 512 1088 569 (astate
1119 512 1214 569 OD)
1247 513 1374 556 ambo

117 586 223 642 quin
251 600 370 629 mero
400 587 535 629 errori
564 585 841 628 tribuendum
873 586 930 627 sit
959 583 1190 627 nemodum
1221 583 1449 626 dubitavit.

234 656 324 699 Nee
354 657 453 713 plus
485 657 673 712 probant
703 670 851 699 versus
881 655 937 711 II,
966 657 1003 711 1,
1021 656 1090 698 37.
1110 655 1167 697 39
1193 653 1252 710 (Ρ.
1275 653 1397 711 133):

327 727 475 770 Etiam
504 727 587 769 hac
617 729 742 769 nocte
771 726 849 768 illa
878 741 956 781 per
986 726 1159 769 hortum
1189 726 1348 768 transit
1379 726 1436 781 A,
1466 727 1639 767 noctem

680 797 780 839 illac
810 801 850 840 et
877 797 1119 840 transiliuit
1147 796 1183 838 P

328 868 410 920 Qui
446 869 523 911 ubi
559 882 771 924 quamque
807 870 1053 910 nostrarum
1090 868 1209 910 uidet
1245 882 1379 923 prope
1418 867 1535 910 aedis
1568 866 1639 909 ad-

681 938 840 995 grediri
871 938 930 993 A,
963 938 1081 981 aedis
1111 938 1193 981 hac
1225 939 1263 981 si
1294 938 1560 995 a(d)gredias
1592 937 1638 980 P.

115 1009 229 1052 Nam
259 1011 396 1052 altero
426 1011 523 1053 loco
555 1024 652 1052 cum
671 1009 859 1065 Bergkio
885 1011 1010 1064 atquc
1029 1008 1309 1052 Fleckeiseno
1335 1009 1362 1051 l.
1382 1024 1414 1052 s,
1434 1024 1467 1052 s.
1491 1024 1532 1064 p.
1551 1009 1637 1051 849

114 1081 229 1123 aedis
266 1080 383 1124 hasce
418 1079 672 1136 adqredier&
715 1080 1010 1136 reponendum
1053 1082 1137 1135 est,
1178 1079 1299 1122 varia
1342 1080 1418 1122 sed
1459 1095 1638 1135 prorsus

115 1151 286 1207 vulgari
332 1152 502 1194 ratione
544 1151 591 1193 in
637 1153 817 1205 utraque
860 1150 1108 1192 recensione
1156 1151 1452 1205 obscuratum,
1500 1151 1637 1193 altero

116 1223 259 1263 autem
283 1236 382 1264 cum
399 1236 478 1264 nec
498 1222 649 1264 transit
670 1235 749 1263 nec
769 1221 999 1263 transumit
1020 1236 1171 1263 verum
1191 1221 1259 1276 sit,
1279 1221 1353 1263 sed
1371 1222 1586 1264 transiluit
1593 1220 1638 1278 ⁷),

113 1290 272 1334 iterum
303 1292 665 1347 simplicissimam
696 1282 902 1334 habemus
934 1293 1235 1347 corruptelam.

231 1362 368 1406 Porro
403 1378 571 1406 summa
606 1363 787 1405 libidine
818 1362 1031 1419 Bergkius
1070 1377 1198 1405 versu
1235 1363 1407 1418 quidem
1438 1363 1478 1418 I,
1509 1364 1553 1419 2,
1579 1365 1636 1405 34

113 1432 243 1475 nimis
271 1434 443 1476 otiosum
468 1433 555 1488 [te]
585 1434 766 1476 arbitror
790 1448 892 1475 casu
924 1437 960 1475 te
989 1433 1034 1475 in
1059 1433 1270 1475 Palatinis
1302 1433 1511 1476 omissum
1543 1449 1637 1476 esse

115 1504 271 1546 statuit
299 1502 361 1559 (p.
389 1504 510 1560 136),
547 1505 735 1560 itemque
771 1506 810 1547 ei
845 1520 972 1547 versu
1001 1504 1062 1560 Ι[,
1091 1506 1133 1560 1,
1157 1506 1209 1546 17
1234 1506 1416 1559 profecto
1446 1504 1532 1560 [ei]
1563 1508 1639 1546 aut

209 1678 245 1722 6)
269 1677 374 1714 Hanc
397 1678 517 1724 ipsam
541 1679 716 1715 infinitivi
739 1680 898 1716 formam
923 1680 1023 1724 quod
1049 1678 1243 1715 consilio
1262 1678 1443 1724 Bergkius
1465 1679 1504 1714 in
1524 1680 1555 1714 A
1580 1691 1635 1715 re-

114 1737 256 1772 motam
279 1748 360 1772 esse
385 1737 518 1772 statuit
541 1738 604 1773 vix
628 1739 777 1783 probari
809 1739 944 1784 potest.
994 1738 1092 1773 Nam
1122 1737 1160 1772 in
1190 1737 1248 1773 his
1279 1738 1368 1782 ipsis
1400 1738 1635 1783 antiquitatis

4 1801 25 1811 '¹
113 1794 285 1841 vestigiis
310 1796 569 1832 conservandis
593 1798 807 1833 delendisve
832 1808 959 1832 casum
991 1807 1223 1841 summopere
1247 1796 1557 1842 librariorumque
1582 1797 1635 1831 in-

47 2864 56 2873 ›
71 2854 74 2856 ’
117 2845 249 2883 stituit.

115 1853 256 1889 curiam
280 1854 442 1890 valuisse
467 1855 506 1890 in
530 1857 728 1902 propatulo
755 1859 822 1893 est.
864 1857 980 1892 Velut
1004 1867 1047 1891 eo
1073 1867 1183 1900 quem
1208 1867 1320 1900 supra
1344 1855 1458 1890 attuli
1481 1855 1564 1890 loco
1589 1855 1635 1899 ΙΙ,

115 1915 150 1956 4,
169 1916 216 1948 30
239 1913 271 1948 A
291 1914 453 1949 servavit
469 1915 569 1960 quod
593 1928 706 1950 unum
728 1916 871 1961 priscae
895 1915 1094 1951 latinitatis
1112 1915 1196 1950 usui
1214 1915 1388 1950 convenit
1403 1915 1636 1950 sordebamus

115 1972 351 2015 (sorderemus
374 1972 436 2018 P);
474 1976 604 2010 contra
627 1974 655 2019 Ι,
681 1979 714 2020 2,
733 1978 778 2010 87
803 1976 939 2010 videret
972 1974 1115 2009 librarii
1146 1985 1246 2009 error
1270 1975 1328 2009 est
1351 1974 1391 2008 in
1414 1974 1464 2018 A,
1500 1974 1636 2009 videbit

115 2029 228 2065 ceteri
251 2031 499 2074 retinuerunt;
526 2032 554 2076 I,
573 2036 607 2077 2,
621 2037 664 2067 31
691 2032 731 2067 in
754 2034 788 2068 A
807 2034 847 2069 et
863 2044 944 2068 eum
962 2034 1081 2078 ipsum
1101 2035 1139 2068 et
1158 2044 1233 2067 eam
1253 2033 1371 2077 ipsam
1395 2044 1464 2077 pro
1482 2043 1635 2077 eumpse,

32 2098 39 2125 ζ
115 2099 256 2134 eampse
290 2092 429 2136 exstat,
466 2090 504 2126 in
537 2091 567 2126 P
597 2092 757 2127 alterum
793 2092 914 2137 ipsum
951 2103 1098 2137 quoque
1129 2093 1331 2136 mutatum,
1369 2091 1527 2126 alterum
1560 2103 1634 2127 non

39 2166 50 2196 3
115 2149 525 2192 proi-suffobscuratum
543 2151 600 2185 est
623 2152 741 2195 (eaase
757 2150 798 2194 P,
824 2161 963 2194 eampse
982 2150 1066 2194 Cb);
1091 2161 1200 2184 versu
1218 2148 1437 2193 insequente
1455 2150 1634 2193 praestri-

114 2205 272 2251 9iatn'x,
296 2206 330 2251 Ι,
348 2211 390 2250 2,
409 2210 454 2242 89
477 2207 647 2252 volimus,
672 2208 706 2252 Ι,
727 2212 766 2252 2,
786 2211 830 2243 95
855 2209 1081 2252 opperimino
1105 2207 1268 2243 servavit
1291 2208 1324 2241 A
1349 2208 1634 2253 (praestiqiator,

42 2310 48 2327 a
115 2264 291 2308 volumus,
315 2267 480 2310 opperire
502 2266 557 2301 ibi
579 2266 642 2311 P),
679 2267 730 2310 Π,
756 2270 795 2311 2,
822 2271 842 2301 1
861 2270 1055 2311 propterve
1078 2266 1140 2302 AC
1166 2268 1343 2311 (proterve
1367 2266 1462 2312 BD);
1499 2267 1563 2302 sed
1587 2267 1633 2311 ΙΙ,

116 2325 151 2367 2,
170 2326 192 2357 6
215 2323 258 2357 in
281 2326 408 2358 nostra
430 2324 546 2367 domo,
570 2325 616 2369 Π,
641 2328 675 2369 2,
694 2329 741 2359 44
764 2325 935 2369 videaris,
961 2325 1008 2369 II,
1027 2329 1061 2369 4,
1081 2329 1127 2360 24
1137 2337 1189 2370 sq.
1213 2326 1429 2370 pepercisses
1453 2327 1492 2360 et
1515 2337 1633 2370 reper-

39 2398 43 2399 ⁷
115 2381 186 2423 eis,
209 2391 301 2426 quas
326 2382 525 2427 scripturas
550 2382 770 2428 Spengelius
794 2383 892 2418 male
916 2383 1074 2428 recepit,
1106 2383 1145 2418 in
1169 2384 1203 2418 A
1226 2383 1454 2428 irrepserunt
1477 2395 1544 2429 pro
1568 2394 1633 2418 no·

52 2447 54 2449 '
114 2442 212 2474 urae
234 2440 343 2482 domi,
365 2441 522 2484 videare,
540 2442 721 2486 parsisses
739 2442 778 2476 et
796 2443 967 2486 reparcit,
990 2453 1084 2486 quas
1101 2442 1131 2476 P
1150 2442 1330 2485 servavit3
1356 2444 1485 2478 contra
1503 2443 1634 2477 benene

19 2506 22 2507 ⁷
63 2515 65 2518 <
115 2497 372 2539 ambulatmnst
395 2499 440 2543 ΙΙ,
465 2503 499 2543 4,
525 2502 569 2535 18
594 2499 634 2534 in
657 2499 687 2534 P
712 2499 808 2535 abiit
831 2500 871 2535 in
896 2501 1026 2535 benene
1050 2501 1246 2535 ambulasti
1270 2500 1351 2536 sim.
1396 2500 1493 2543 Quin
1518 2501 1632 2536 etiam

50 2578 51 2582 =
115 2565 182 2600 per
205 2567 347 2591 merum
371 2568 533 2592 errorem
556 2557 698 2594 formae
723 2558 951 2603 antiquiores
975 2559 1105 2595 illatae
1130 2561 1231 2604 sunt,
1260 2561 1303 2594 ut
1327 2560 1377 2604 11,
1403 2564 1441 2603 2,
1461 2564 1504 2594 41
1533 2560 1632 2594 arbi-

47 2618 69 2669 ⁴⁷
115 2614 250 2649 troem‘er
273 2614 312 2650 in
337 2615 366 2649 P
390 2627 457 2660 pro
482 2616 664 2651 arbitrare
687 2617 747 2660 (=
772 2616 989 2662 arbitraris).
1032 2617 1083 2652 Et
1107 2617 1161 2653 eis
1186 2627 1280 2662 quae
1307 2618 1487 2663 Bergkius
1512 2630 1547 2663 p.
1564 2622 1630 2652 133

51 2688 70 2722 j
116 2671 200 2708 adn.
225 2673 355 2708 attulit
380 2673 601 2710 ‘infinitivis’
627 2674 667 2709 in
686 2686 746 2710 -ar
769 2686 816 2710 ne
842 2675 903 2710 vel
927 2675 1119 2710 tantillum
1143 2676 1297 2720 tribuas,
1320 2677 1366 2721 ΙΙ,
1389 2681 1419 2720 1,
1438 2681 1481 2711 12
1502 2677 1633 2721 patiar

22 2724 23 2727 ¹
63 2726 66 2730 ’
115 2729 155 2765 in
177 2730 207 2765 P
231 2731 468 2766 manifestum
491 2732 665 2773 mendum
689 2733 858 2768 tenemus
883 2745 951 2778 pro
970 2735 1066 2778 pati.

211 2791 246 2833 7)
280 2789 335 2824 Cf.
360 2790 618 2826 Fleckeisenus
643 2791 668 2826 l.
693 2802 720 2827 S.
746 2803 773 2827 s.
805 2804 840 2836 p.
866 2795 954 2835 850,
991 2792 1055 2827 ubi
1089 2793 1238 2838 egregie
1269 2794 1391 2828 totum
1423 2793 1545 2828 locum
1577 2804 1632 2828 re-

1303 2909 1348 2943 l*
