1904 3106
890 67 1179 109 -26-

270 170 402 212 immo
447 171 734 226 reputandum
779 172 860 213 erit
905 162 1087 214 alteram
1133 172 1323 215 eiusdem
1366 173 1558 215 nominis
1601 173 1796 216 fabulam

268 242 483 284 exstitisse
522 243 752 285 (ικυώνιον
790 242 996 285 Alexidis.
1059 243 1128 285 Ad
1168 244 1280 286 hanc
1320 243 1455 299 igitur
1496 259 1546 287 eo
1588 244 1795 287 libentius

267 312 455 354 Pollucis
495 314 637 356 locum
676 314 1008 370 adplicabimus‚
1052 316 1155 371 quia
1191 316 1237 358 in
1274 315 1476 371 parasitis
1507 315 1693 358 maxime
1725 315 1794 359 de-

267 384 504 427 scribendis
537 386 763 428 Alexidem
794 401 932 429 novae
965 387 1211 429 comoediae
1242 386 1478 441 praeivisse
1510 389 1691 430 constat.

385 456 558 512 Reliqui
593 473 644 499 ex
670 457 896 499 Menandri
920 458 1072 500 fabula
1105 458 1178 513 qui
1205 458 1446 500 excitantur
1477 458 1574 513 loci,
1604 458 1650 500 hi
1676 461 1794 502 sunt:

265 527 452 581 primum
484 528 632 580 ὅμοιος
665 528 798 583 ὁμοίῳ
830 528 1106 584 proverbium
1142 529 1420 571 notissimum
1457 545 1483 571 a
1513 529 1671 572 Plauto
1703 530 1794 572 red-

266 598 404 640 ditum
437 599 490 654 V,
515 600 570 641 47
597 614 682 653 par
704 601 807 653 pari
836 600 1048 654 respondet
1060 598 1125 655 5¹),
1157 602 1250 641 tum
1281 615 1431 642 versus
1465 600 1538 655 qui
1570 615 1666 643 cum
1691 601 1797 643 item

264 669 309 710 in
349 671 562 725 proverbii
603 671 957 713 consuetudinem
998 670 1280 726 descenderit,
1324 673 1367 713 et
1405 671 1566 714 omisso
1605 672 1793 715 auctoris

265 741 439 783 nomine
478 742 591 796 apud
623 741 940 797 Diogenianum
973 744 1116 784 exstat
1147 742 1200 797 V,
1233 743 1288 785 83
1328 744 1371 784 et
1407 742 1521 797 apud
1560 741 1794 786 Stobaeum

267 827 317 854 ex
348 812 617 855 Philemonis
649 813 902 855 Encliiridio
935 813 1130 855 affertur:

559 909 667 956 Κακὴ
701 909 777 960 μὲν
809 907 927 960 ὄψις,
962 909 1010 950 ἐν
1042 909 1089 950 δὲ
1122 910 1303 950 δειλαῑαι
1336 903 1504 960 φ’ρένεε.

265 999 348 1043 Sed
393 1002 596 1057 quoniam
641 1002 797 1045 Suidae
842 1003 1072 1059 Photiique
1117 1003 1325 1045 disertum
1368 1002 1666 1046 testimonium
1709 1003 1797 1046 Me-

264 1073 416 1115 nandri
450 1072 654 1129 Sicyonio
701 1089 872 1116 versum
916 1074 1124 1130 vindicat,
1167 1089 1256 1117 non
1293 1076 1360 1116 est
1396 1074 1510 1129 quod
1547 1075 1598 1117 de
1635 1075 1717 1118 hac
1749 1091 1794 1118 re

265 1144 529 1200 dubitemus,
567 1145 823 1200 praesertim
862 1160 959 1187 cum
992 1145 1133 1187 simile
1167 1144 1436 1187 Stratullacis
1469 1146 1707 1189 convitium
1739 1148 1797 1190 sit

263 1215 477 1271 Astaphio
510 1216 730 1272 ingestum
761 1215 817 1270 Π,
849 1217 892 1271 2,
923 1216 978 1258 39
1012 1214 1082 1272 (cf.
1115 1231 1153 1258 v,
1190 1216 1241 1258 13
1263 1231 1365 1271 sqq„
1398 1217 1456 1258 34
1475 1216 1603 1274 sqq.):

413 1310 578 1353 Briccas
610 1310 799 1366 rubrica,
833 1312 949 1353 creta
981 1325 1108 1353 omne
1141 1312 1296 1366 corpus
1328 1310 1509 1354 intinxti
1536 1312 1636 1355 tibi:

411 1382 646 1426 Pessumae
679 1383 802 1426 estis!

263 1477 408 1519 Unum
447 1481 669 1532 postremo
707 1481 846 1521 restat
883 1478 1175 1535 fragmentum
1217 1478 1458 1520 intricatius
1497 1494 1548 1521 ex
1586 1477 1717 1521 Suida
1754 1495 1791 1522 v.

263 1547 568 1601 ἀγγαρεύεεθαι
581 1565 588 1591 2

475 1645 524 1686 ‘O
557 1646 704 1687 πλέων
736 1647 940 1698 κατήχθη·
973 1645 1126 1697 κρίνεθ’
1153 1644 1279 1687 οὗτος
1311 1646 1532 1697 πολέμιος·

477 1716 552 1758 ἐὰν
585 1715 622 1757 δ’
648 1717 723 1771 ἔχῃ
758 1732 794 1759 τι
827 1717 1030 1770 μαλακόν,
1063 1717 1354 1769 ἀγγαρεύεται.

263 1810 384 1851 Talis
416 1825 513 1852 cum
547 1811 721 1853 subesse
754 1813 952 1854 videatur
983 1812 1210 1865 sententia,
1242 1811 1413 1866 qualem
1441 1810 1660 1852 Bentleius
1692 1825 1792 1852 enu-

264 1881 451 1923 clueavit
480 1897 520 1936 p.
541 1883 596 1924 58
630 1883 735 1938 (488
769 1883 831 1926 ed.
857 1881 1006 1938 Mein.)
1039 1882 1096 1924 ‘si
1130 1882 1224 1937 quis
1256 1881 1511 1937 peregrinus
1542 1881 1585 1922 in
1617 1883 1792 1936 portum

264 1952 467 2006 defertur,
498 1953 712 1996 iudicatur
743 1954 884 1996 hostis
917 1956 960 1996 et
992 1953 1213 2008 suppellex
1245 1953 1281 1994 si
1307 1967 1435 2007 quam
1461 1966 1606 1994 secum
1637 1951 1793 1994 detulit

264 2022 365 2064 fisco
405 2023 670 2079 damnatur'‚
714 2025 829 2066 haud
867 2025 1012 2079 inepte
1053 2024 1240 2066 conicias
1272 2037 1360 2065 non
1390 2022 1563 2077 proprie
1595 2019 1791 2065 adhibita

263 2109 355 2136 esse
389 2096 530 2150 verba,
564 2096 637 2137 sed
669 2096 885 2139 translata
917 2095 969 2138 ad
997 2096 1156 2138 damna
1181 2110 1206 2136 a
1231 2093 1530 2136 meretricibus
1557 2094 1790 2148 contracta,

269 2271 379 2315 bant,
418 2283 490 2315 quo
523 2283 631 2307 sensu
663 2271 905 2307 usitatissimo
937 2271 1017 2317 ipse
1048 2271 1139 2307 item
1171 2270 1371 2306 Menander
1401 2268 1574 2304 adhibuit
1603 2269 1790 2313 Μιεογύνῃ

263 2330 397 2376 fragm.
425 2330 503 2364 VII.
551 2330 668 2373 Quam
694 2330 980 2375 ambiguitatem
1006 2330 1070 2374 qui
1096 2329 1330 2364 Strattillacis
1355 2329 1480 2373 partes
1505 2328 1634 2373 ageret
1657 2327 1713 2362 ita
1738 2327 1790 2362 in-

264 2389 401 2434 signire
436 2389 576 2434 potuit,
614 2390 657 2423 ut
690 2389 841 2424 dextrae
876 2388 1004 2434 digitis
1040 2388 1258 2423 numerandi
1291 2389 1439 2433 gestum
1473 2386 1612 2422 faceret
1641 2386 1790 2422 sinistro

264 2448 374 2483 simul
405 2448 558 2484 brachio
590 2447 814 2492 Astaphium
845 2447 960 2483 artius
992 2447 1252 2492 complectens.
1305 2445 1509 2482 Confirmat
1538 2446 1663 2480 autem
1693 2445 1790 2480 hanc

263 2507 488 2543 sententiam
515 2519 610 2551 quae
637 2507 803 2551 sequitur
822 2506 959 2542 facetia
978 2518 1022 2540 ex
1044 2505 1313 2540 ‘cavillatione’
1338 2503 1608 2548 ‘caulibusque'
1630 2503 1791 2549 repetita

263 2567 298 2611 (i.
328 2578 358 2602 e.
385 2567 559 2611 testibus,
593 2566 638 2602 cf.
665 2566 790 2601 Bothii
816 2566 933 2610 adn.)‚
966 2576 1040 2609 qua
1065 2565 1218 2599 Plautus
1243 2563 1466 2608 expressisse
1491 2562 1654 2607 videtur,
1689 2562 1789 2607 quod

261 2637 417 2671 graecus
448 2628 561 2672 poeta
593 2626 629 2660 in
662 2625 792 2660 eodem
822 2625 935 2659 verbo
968 2624 1170 2658 consistens
1200 2634 1267 2667 per
1292 2622 1526 2666 παραετάταε
1551 2621 1678 2657 ludere
1703 2633 1784 2666 per-

262 2686 377 2729 geret.
396 2685 454 2728 (cf.
481 2686 625 2720 Pla-ton.
652 2695 745 2719 com.
771 2683 911 2718 Phaon.
936 2683 1005 2727 frg.
1033 2682 1066 2716 II
1091 2694 1123 2717 v.
1153 2686 1196 2717 13
1211 2682 1285 2725 Μ.).

358 2755 417 2797 51)
444 2754 564 2790 Schol.
592 2754 758 2789 Platonis
784 2765 819 2798 p.
841 2757 909 2788 375
937 2753 1022 2788 Bk:
1050 2753 1227 2796 μέμνηται
1253 2754 1293 2787 δὲ
1313 2751 1788 2796 αὐτῆς-καὶΜένανδροε

263 2812 462 2857 (ικυωνίῳ.
513 2812 564 2848 Cf.
592 2812 712 2849 Plaut.
740 2813 850 2847 Mero.
878 2825 910 2848 v.
939 2815 1024 2854 629;
1051 2811 1149 2848 Pers,
1178 2815 1258 2846 223.
