1904 3106
261 228 297 255 v.
335 214 388 255 10
425 213 690 256 continuisse
727 215 859 256 verba
896 216 933 257 is
969 229 1060 267 suo,
1103 231 1141 258 v.
1177 217 1227 258 11
1261 215 1367 269 filio,
1413 219 1455 257 et
1486 215 1710 269 probabile
1740 215 1792 257 fit

263 300 301 326 v.
326 286 379 326 14
413 286 620 340 scriptum
652 286 786 328 fuisse
817 301 918 328 mim
948 287 1020 329 ubi
1048 301 1180 342 δεηθῶ,
1211 303 1249 329 v.
1273 288 1326 329 15
1356 287 1537 330 senserit.
1582 286 1792 329 Dubitare

265 358 409 398 autem
442 357 544 398 licet
575 357 626 399 de
658 357 854 400 versibus
885 359 938 400 12
965 361 1008 400 et
1038 359 1103 413 13,
1135 373 1317 414 quorum
1349 358 1537 414 spatium
1570 358 1793 413 angustius

262 430 327 469 est
360 442 490 482 quam
522 428 635 483 quod
670 428 813 483 capiat
845 430 975 471 verba
1008 428 1239 471 ‘fidicinam
1266 430 1372 471 emit
1396 443 1525 485 quam
1551 428 1643 484 ipse
1675 431 1795 470 amat

263 513 393 554 quam
425 500 575 542 abiens
609 498 833 541 mandavit
866 499 985 542 mihi.
1026 500 1061 541 si
1095 500 1179 542 sibi
1210 515 1323 542 nunc
1354 500 1536 542 alteram
1567 514 1594 542 a
1622 499 1794 555 legione

262 570 441 612 abduxit
479 571 611 613 animi
649 585 779 613 causa
817 572 979 613 corium
1017 570 1224 626 perdidi’:
1262 571 1322 613 ibi
1354 570 1554 613 videntur
1585 570 1668 613 duo
1700 570 1792 613 lon-

263 642 405 695 giores
445 656 593 684 versus
627 642 777 697 scripti
815 641 967 696 fuisse,
1009 656 1190 696 quorum
1229 642 1443 697 posterior
1482 656 1507 683 a
1542 642 1581 683 si
1609 641 1690 683 sibi
1724 641 1793 683 vel

260 713 341 755 sibe·
384 713 555 755 initium
601 713 774 768 ceperit.
843 712 970 755 Unde
1013 713 1178 755 conicio
1223 716 1364 755 totum
1410 712 1551 754 locum
1596 712 1659 754 ita
1703 726 1796 754 esse

263 782 620 825 conformandum
630 799 639 825 :

695 846 791 910 Ego
824 855 954 896 miser
985 855 1154 910 perpuli

327 924 436 967 Meis
468 924 579 967 dolis
613 939 778 980 senem,
810 928 859 966 ut
891 928 1084 967 censeret
1116 926 1239 967 suam
1272 940 1363 967 sese
1396 940 1535 968 emere
1566 921 1724 968 f‘sliam.

691 986 733 1038 is
767 1011 844 1039 suo
876 996 976 1038 fssio

322 1066 561 1110 Fidicinam
594 1067 698 1108 emit
730 1082 859 1122 quam
891 1066 971 1109 ssle
1003 1068 1195 1122 amabat,
1233 1083 1360 1123 quam
1393 1068 1541 1110 abiens
1573 1066 1796 1111 mandavit

1405 1138 1524 1180 mihi.

326 1208 422 1251 Sibi
454 1224 565 1251 nunc
598 1210 781 1251 alteram
813 1209 867 1251 ab
900 1209 1068 1264 legione
1102 1209 1298 1252 abduxit:
1330 1210 1493 1252 corium
1525 1209 1701 1264 perdidi.

693 1279 806 1322 Nam
839 1280 914 1322 ubi
948 1294 1076 1321 senex
1108 1280 1292 1322 senserit

329 1349 425 1392 Sibi
459 1351 557 1392 data
592 1365 685 1392 esse
716 1351 866 1406 verba,
898 1350 1033 1406 virgis
1066 1350 1239 1392 dorsum
1271 1350 1472 1405 dispoliet
1503 1366 1658 1394 meum.

268 1442 354 1485 Cur
403 1444 509 1487 haec
559 1444 835 1499 potissimum
885 1445 1017 1487 verba
1067 1445 1384 1500 damnaverim,
1433 1446 1560 1488 docet
1607 1445 1794 1488 eiusdem
1866 1477 1872 1480 -

266 1529 445 1557 scaenae
478 1531 515 1558 v.
547 1516 624 1558 45:

322 1609 407 1652 ΕΡ.
448 1609 534 1652 Gur
566 1626 660 1653 eam
694 1611 826 1653 emit?
890 1610 1088 1655 THESP.
1127 1599 1300 1652 Animi
1331 1625 1495 1654 causa.
1556 1611 1644 1654 ΕΡ.»
1681 1611 1796 1662 Qu6t

1119 1683 1210 1725 illic
1240 1682 1371 1725 homo
1405 1682 1579 1725 animos·
1603 1682 1765 1725 habet?

268 1776 496 1819 Praeterea
540 1778 801 1820 monendum
847 1781 912 1819 est
955 1779 993 1820 si
1022 1778 1102 1820 san·
1145 1777 1190 1818 in
1235 1777 1271 1819 B
1317 1777 1614 1837 dittographia
1651 1780 1795 1820 ortum

266 1861 371 1900 esse,
403 1849 589 1901 dispoliet
620 1851 763 1890 autem
797 1863 865 1890 me
892 1848 1117 1903 scripsisse
1149 1863 1245 1890 cum
1271 1847 1420 1903 Pareo,
1450 1848 1666 1904 plerisque
1697 1863 1792 1891 cum

266 1918 479 1960 Palmerio
505 1920 676 1973 depoliet
699 1919 1054 1975 praeferentibus.
1101 1917 1183 1960 Sed
1209 1922 1315 1962 nota
1339 1934 1408 1961 res
1435 1921 1501 1961 est
1531 1922 1794 1974 quantopere

267 1988 444 2031 Plautus
477 1990 717 2045 composita
749 2006 774 2032 a
805 1991 888 2033 dis-
918 1990 1170 2044 incipientia
1201 1989 1422 2031 amaverit.

384 2059 476 2101 Iam
515 2075 615 2103 vero
655 2061 892 2103 maioribus
924 2060 991 2101 his
1025 2060 1235 2103 absolutis
1268 2060 1544 2116 glossematis
1577 2060 1629 2102 ad
1661 2061 1792 2103 aliam

268 2130 410 2184 placet
455 2130 709 2173 descendere
754 2131 1126 2186 quaestiunculam
1165 2130 1216 2172 de
1255 2129 1522 2186 apiscendi
1558 2131 1676 2174 vocis
1715 2145 1793 2174 usu

267 2200 486 2255 Plautino,
518 2216 614 2243 cum
647 2201 730 2243 dici
763 2203 949 2256 nequeat
980 2201 1148 2256 quoties
1181 2201 1436 2256 exquisitior
1465 2201 1571 2243 haec
1596 2215 1680 2243 vox
1705 2215 1793 2244 non

266 2271 394 2313 modo
433 2272 545 2326 apud
579 2272 801 2326 Plautum,
839 2286 987 2313 verum
1026 2271 1158 2313 etiam
1196 2271 1307 2326 apud
1348 2271 1455 2313 alios
1493 2274 1660 2314 veteres
1681 2262 1793 2314 ‘scri-

265 2345 411 2396 ptores
438 2343 826 2397 interpretamento
854 2343 1084 2384 obscurata
1111 2341 1168 2383 sit
1182 2339 1234 2397 5);
1266 2356 1451 2397 namque
1475 2343 1661 2398 adipi-sci,
1680 2342 1792 2398 quod

268 2413 599 2467 substituerunt,
626 2413 805 2455 Plautus
827 2413 1138 2467 Terentiusque
1165 2412 1339 2454 omnino
1366 2412 1566 2455 videntur
1597 2414 1794 2456 evitasse.

264 2482 386 2524 Nihil
418 2483 577 2538 probat
608 2483 732 2539 Epid.
764 2483 805 2525 II
838 2485 876 2538 2,
897 2484 966 2539 50,
997 2498 1123 2539 quem
1156 2483 1217 2524 ita
1248 2483 1428 2538 praebet
1459 2484 1792 2543 Ambrosianus:

1522 2555 1535 2578 Ρ
1556 2555 1569 2578 ἓ

385 2599 1349 2639 οΑΝιρυορ·ΕΤιΑΜΑῙ)ΕΡΤυ3ΤΝοΜΕΝ
1374 2595 1416 2636 :2ss
1439 2589 1792 2640 QUINUBEANT
1831 2611 1837 2614 ·

1462 2661 1735 2702 LAcomcfi

362 2789 396 2831 ι’»)
424 2788 615 2823 Tractavit
639 2788 735 2824 hanc
760 2787 1082 2833 quaestiunculam
1108 2789 1195 2823 ante
1221 2798 1280 2822 me
1305 2787 1379 2822 iam
1400 2787 1680 2833 Kampmannus
1699 2788 1786 2823 ‘An-

266 2849 340 2880 not.
368 2846 405 2881 in
426 2846 549 2881 Plauti
570 2846 680 2882 Rud.’
704 2847 803 2882 Olsn.
824 2851 913 2882 1830
933 2859 969 2893 p.
987 2851 1040 2892 13,
1062 2846 1125 2882 sed
1145 2845 1400 2881 deficientibus
1420 2845 1588 2880 codicum
1608 2845 1791 2882 subsidiis.
