1904 3106
909 117 957 122 —-
1029 93 1111 136 170
1171 118 1230 123 —

303 199 615 242 vocabulorum
643 199 797 241 similis
824 198 1142 257 conformatio),
1168 216 1205 242 v.
1226 201 1311 244 836
1338 200 1833 246 KAUTKAPALOOO-

306 270 1003 362 PIDEAUTOATARAG‘iRIA.
1065 305 1265 349 Ceterum
1310 323 1347 350 V.
1380 309 1465 351 833
1508 272 1835 364 ΕΑΙῙΞΞΡΒΙΞΡΑ-

303 375 501 419 ΤΙΝΑΕ,

419 447 470 490 V.
497 448 596 500 885,
627 449 702 491 ubi
735 448 924 491 Palatini
948 451 1073 503 prius
1102 464 1228 503 quam
1258 451 1478 504 quicquam
1508 451 1676 493 conuim‘
1705 451 1834 504 dabis,

301 518 615 561 Ambrosianus
659 523 774 562 recte
812 522 934 574 prius
976 535 1101 574 quam
1148 522 1377 575 cuiquam
1419 521 1663 563 conuiuae
1705 521 1834 563 dabis.

308 591 536 644 chquam
566 591 675 633 illud
707 592 761 633 ad
791 593 1013 645 quoiquam
1043 592 1166 634 redit.

419 661 556 704 Vetus
595 662 729 704 codex
766 665 926 717 quanto
964 665 1156 717 praestet
1193 661 1268 705 OD
1309 663 1434 706 libris
1476 677 1589 706 novo
1637 663 1832 718 exemplo

301 732 427 774 docet
454 748 491 774 v.
518 733 614 775 889.
665 732 733 774 Ibi
759 733 874 774 enim
900 733 946 775 hi
975 734 1155 776 nimium
1181 735 1312 776 tin-nis
1336 748 1420 776 non
1442 734 1594 788 places,
1624 734 1705 786 ille,
1725 733 1833 776 satis

301 804 411 846 miro
445 819 600 859 errore,
633 807 682 846 ut
713 804 958 860 videbatur,
988 819 1030 847 n.
1063 808 1088 847 t.
1119 819 1159 847 n.
1193 808 1308 847 taces.
1369 806 1430 847 At
1459 805 1670 860 pristinae
1701 804 1833 860 scrip-

299 877 421 917 turae
459 875 684 931 reliquias,
723 891 811 918 non
843 870 1032 918 errorem
1064 875 1258 918 exhiberi
1288 875 1596 932 palimpsestus
1634 875 1835 931 ostendit,

298 945 410 987 unde
451 947 651 988 restitue:
693 947 883 990 mlestus
919 961 969 989 ne
998 948 1079 990 sis:
1128 947 1308 989 nimium
1347 947 1445 989 iam
1487 947 1670 990 tinnis:
1719 950 1834 989 tace.

299 1015 466 1059 Turbas
500 1018 670 1060 videtur
700 1019 887 1061 movisse
921 1018 1033 1074 quod
1070 1021 1172 1074 post
1208 1019 1404 1061 nimium
1435 1017 1711 1061 interciderat
1747 1018 1835 1061 iam

299 1087 466 1129 vocula.
523 1088 795 1145 Quamquam
827 1091 971 1144 potest
1004 1090 1133 1132 etiam
1160 1090 1211 1132 de
1243 1090 1411 1132 diversa
1439 1089 1687 1132 recensione
1718 1089 1834 1145 cogi-

299 1159 383 1201 tari
414 1160 461 1201 in
491 1160 604 1202 hunc
637 1161 828 1203 modum:
866 1161 1045 1203 nimium
1076 1162 1227 1204 tinnis:
1257 1174 1342 1203 non
1374 1159 1520 1203 measa
1597 1200 1606 1203 s

419 1229 473 1272 V.
493 1230 579 1273 893
600 1232 911 1287 palimpsestus
933 1232 987 1274 ad
1007 1231 1275 1287 praeclaram
1294 1231 1407 1274 redit
1426 1231 1538 1274 hanc
1557 1232 1834 1287 scripturam:

304 1335 312 1344 .
340 1335 349 1343 .
376 1305 435 1344 est
463 1303 614 1356 quoqui
642 1303 886 1357 sublinyulo.
947 1302 1189 1357 Sublz’nyulo
1222 1318 1247 1345 a
1276 1302 1533 1357 sublingulus
1559 1302 1671 1344 sicut
1698 1303 1834 1346 subre-

293 1374 390 1428 pulo
433 1389 459 1416 a
495 1374 745 1428 subreyulus.
806 1373 1030 1429 Subreyulo
1069 1377 1213 1416 autem
1250 1373 1384 1416 habes
1425 1373 1471 1415 in
1509 1373 1674 1416 inedita
1710 1373 1835 1416 ‘libri

300 1444 560 1499 glossarum'
593 1446 753 1501 glossa,
786 1446 905 1488 velut
936 1445 981 1487 in
1007 1445 1297 1488 Ambrosiano
1324 1444 1360 1486 B
1386 1445 1442 1488 36
1467 1444 1544 1487 inf.
1571 1445 1634 1487 sic
1652 1445 1833 1488 tradita:

302 1517 369 1559 dis
402 1518 476 1570 [=
496 1518 543 1559 de
570 1517 711 1569 ylosis]
748 1516 1000 1559 Tetrarcha:
1031 1517 1306 1571 subreyulo.

417 1587 469 1629 V.
511 1588 595 1630 901
648 1601 739 1630 eum
777 1588 1015 1641 promisisse
1059 1588 1265 1641 fortiter
1310 1587 1419 1630 dixit
1462 1587 1544 1631 sibi
1587 1587 1634 1629 in
1674 1586 1712 1629 A
1755 1588 1834 1642 est,

301 1674 341 1700 v.
374 1659 460 1700 918
493 1660 744 1701 stratioticus
775 1672 856 1701 esse
885 1659 1003 1701 homo
1035 1659 1172 1701 cluear
1202 1659 1300 1701 iam.

419 1729 472 1772 V.
505 1730 591 1772 933
624 1730 729 1772 haec
762 1730 866 1786 legi:

1137 1826 1226 1860 2—3
1246 1824 1294 1867 l.(
1322 1836 1357 1867 )1

444 1871 1139 1928 QUIMAGISTERMIKIESAN
1283 1837 1688 1925 (ssFJROUTSGIAS

302 1958 497 2011 mayister
528 1957 635 1998 bene
667 1956 858 2011 repperit
888 1955 1104 2012 Buggeus.
1166 1955 1321 1997 Restat
1357 1954 1445 1996 iam
1485 1967 1569 1995 vox
1605 1954 1832 2008 antepaen-

303 2029 474 2083 ultima,
507 2043 637 2083 quam
667 2040 908 2081 superavero
939 2026 1058 2069 verbi
1089 2040 1380 2081 synonymum
1411 2039 1504 2067 esse
1534 2023 1673 2079 patet.'
1728 2024 1831 2066 Non

302 2100 441 2142 habeo
481 2099 595 2155 quod
633 2099 750 2140 omni
783 2113 833 2140 ex
863 2100 988 2153 parte
1029 2097 1188 2139 litteris
1225 2097 1410 2139 enotatis
1452 2095 1652 2138 sufficiat.
1712 2095 1832 2137 Inter

301 2171 343 2213 N
375 2173 521 2213 autem
553 2173 595 2212 et
626 2170 664 2212 D
698 2170 839 2225 spatio
871 2168 1082 2211 contineri
1117 2170 1299 2223 possunt
1329 2166 1391 2209 RI
1423 2167 1489 2209 vel
1520 2166 1619 2209 ELI
1649 2167 1718 2210 vel
1749 2166 1829 2210 TU

303 2242 373 2285 vel
404 2242 467 2284 KI
498 2242 566 2283 vel
599 2241 763 2283 similes
795 2241 979 2283 litterae.

423 2313 476 2355 V.
508 2313 595 2355 955
627 2313 765 2354 scribe
797 2327 894 2354 cum
926 2311 966 2352 A
995 2324 1080 2352 non
1101 2323 1283 2365 prosus
1314 2343 1322 2351 .
1349 2342 1358 2352 .
1385 2342 1393 2350 .

422 2383 474 2425 In
498 2383 626 2425 titulo
652 2382 728 2437 IV,
754 2383 781 2424 2
815 2380 1133 2424 Studemundus
1167 2378 1426 2435 ‘Festgruss'
1458 2395 1498 2434 p.
1524 2379 1580 2422 56
1608 2394 1699 2435 sqq.
1724 2379 1829 2421 dicit

303 2455 365 2496 IA
404 2457 504 2509 post
537 2453 634 2496 SIM
671 2451 950 2494 intercidisse.
1011 2451 1071 2493 At
1109 2451 1325 2506 integrum
1362 2465 1518 2492 nomen
1556 2449 1718 2492 SIMIA
1748 2464 1827 2504 pro

306 2529 424 2569 certo
457 2525 694 2568 etiamnum
726 2523 879 2578 dispici
910 2524 1066 2578 potest.

423 2596 584 2638 Versus
604 2595 689 2637 959
722 2594 832 2636 hanc
856 2593 1040 2635 formam
1067 2592 1158 2635 erui
1177 2607 1199 2634 e
1220 2592 1388 2647 pusillis
1415 2591 1571 2634 veteris
1591 2590 1828 2646 scripturae

303 2667 518 2721 frustulis,
551 2680 659 2722 quae
692 2665 902 2720 superiori
933 2664 1158 2707 foraminis
1190 2663 1378 2718 margini
1410 2662 1660 2704 adhaerent:

340 2742 1782 2805 INGREDEREINUIAMDQLOSEEGOKIOlNINSIDnSERO

310 2832 471 2878 Versus
502 2831 709 2889 reliquiae
740 2832 832 2874 tam
875 2832 975 2874 sunt
1019 2829 1214 2887 exiguae,
1258 2830 1307 2871 ut
1350 2828 1423 2884 qui
1466 2826 1636 2884 legendi
1675 2840 1830 2882 parum
