1904 3106
886 87 1172 128 -76-

253 193 521 235 Perobscura
553 195 619 234 est
651 193 757 235 haec
783 194 1012 248 scriptura3
1046 207 1124 236 nec
1145 193 1506 252 Ambrosianus⁸)
1526 198 1596 239 sat
1619 197 1781 240 claram

254 264 380 306 affert
411 263 567 314 lucem,
599 263 643 306 in
675 278 759 319 quo
792 264 899 307 haee
930 265 1024 307 visa
1055 268 1157 307 sunt
1187 280 1414 320 apparere:

766 362 969 385 ????⁴??
1400 337 1414 359 τ

314 406 978 445 QUAQUATANGITOMNEAM
994 429 1384 440 .................
1398 371 1780 442 ῘΓυοΑιΕῈ-Δοιτ

252 490 462 533 succurrit
494 491 635 533 versui
665 491 693 533 J
726 491 857 534 codex
889 491 961 547 qui
992 492 1100 534 haec
1131 491 1322 535 exhibet:

467 574 648 630 Quaqua
678 575 824 630 tangit
862 589 1032 618 omnem
1070 575 1304 618 hamburit.
1365 576 1402 618 si
1438 577 1616 632 propius
1654 561 1782 620 getes.

1108 649 1222 688 estu
1253 645 1499 690 calefacit

255 727 377 770 Unde
410 731 524 771 certe
556 729 719 771 exitum
751 743 899 771 versus
930 728 1065 772 talem
1095 729 1215 772 nacti
1246 744 1412 772 sumus:

1192 846 1200 855 .
1233 846 1241 854 .
1274 815 1396 855 aestu
1428 812 1636 856 calefacit.

252 893 335 936 Sed
368 910 465 937 cum
497 911 572 938 nee
600 911 747 938 versus
773 896 967 951 patiatur
998 896 1130 938 verba
1161 895 1215 938 ‘si
1246 896 1425 952 propius
1457 895 1601 939 adstes
1632 895 1783 952 aestu',

250 980 327 1007 nec
354 966 669 1010 Ambrosianus
694 970 873 1022 propter
893 967 1022 1022 spatii
1043 967 1269 1024 angustias
1289 967 1484 1010 videatur
1501 967 1781 1023 continuisse,

251 1036 357 1079 haec
388 1038 514 1081 initio
547 1038 708 1093 scripta
738 1039 872 1081 fuisse
905 1038 1083 1081 conieci:

467 1134 647 1190 Quaqua
687 1134 847 1190 tangit,
894 1136 1020 1177 omne
1061 1134 1263 1177 amburit.
1333 1135 1468 1190 prope
1508 1135 1607 1189 sist,
1659 1137 1781 1178 aestu
1814 1165 1829 1180 .

1107 1204 1317 1248 calefacit.

249 1289 369 1332 Estes
399 1289 445 1330 in
477 1289 505 1331 J
538 1288 835 1344 dittographia
867 1290 1010 1330 ortum
1043 1291 1108 1330 est
1139 1286 1216 1343 (est
1244 1287 1366 1344 estu);
1401 1302 1533 1342 prope
1561 1289 1638 1332 εἰει
1667 1288 1778 1332 abiit

251 1360 296 1401 in
326 1360 503 1414 propius
539 1363 616 1414 est3
662 1362 705 1401 et
741 1362 926 1414 possunt
956 1362 1071 1401 certe
1104 1374 1154 1401 ea
1185 1357 1530 1415 quae’proposui
1562 1360 1608 1402 in
1640 1359 1679 1402 A
1710 1374 1779 1402 ex-

253 1431 428 1474 stitisse.

371 1500 581 1544 Consulto
621 1517 671 1544 ea
703 1503 813 1558 elegi
845 1502 1042 1557 exempla
1074 1516 1182 1557 quae
1215 1501 1494 1545 Ambrosiani
1525 1503 1781 1546 auctoritate

250 1573 539 1615 defenduntur
553 1572 600 1629 9).
651 1573 815 1624 Quibus
847 1573 973 1616 nixus
1006 1587 1092 1615 non
1125 1572 1276 1616 dubito
1308 1572 1412 1628 quin
1443 1572 1568 1629 Epid.
1598 1574 1620 1616 I
1655 1575 1691 1628 l,
1723 1574 1781 1617 50

249 1645 351 1698 quid
386 1645 512 1699 iyitur
548 1645 706 1687 rectius
745 1645 954 1688 traditum
993 1645 1051 1687 sit
1088 1659 1215 1700 quam
1252 1645 1479 1698 reddiyitur
1508 1643 1597 1702 (B),
1638 1648 1687 1688 ut
1717 1645 1778 1688 sic

254 1716 450 1759 videatur
480 1731 630 1759 versus
663 1717 911 1759 scribendus
945 1730 1056 1758 esse:

465 1810 577 1862 Quid
600 1812 702 1864 [vis]
723 1811 885 1867 igitur?
946 1810 1032 1854 ΕΡ.
1064 1810 1179 1860 Qu6t
1210 1811 1368 1853 minis?
1425 1810 1624 1854 THESP.
1657 1810 1780 1855 Totis

1105 1881 1392 1938 quadraginta
1424 1881 1566 1924 minis.

251 1967 448 2023 Itemque
487 1970 668 2022 apparet
700 1966 811 2008 male
844 1967 892 2008 A.
927 1965 1207 2022 Spengelium
1244 1965 1372 2021 Epid.
1402 1964 1467 2008 HI
1502 1966 1537 2016 1,
1567 1965 1596 2007 4
1616 1979 1678 2023 sq.
1709 1964 1782 2008 tibi
1817 2023 1821 2027 .

346 2099 380 2139 8)
409 2095 510 2138 Quae
542 2107 586 2132 ex
618 2097 650 2131 A
681 2097 846 2142 profero,
884 2107 929 2132 ea
963 2095 1153 2132 sciendum
1191 2097 1248 2131 est
1282 2094 1408 2130 deberi
1443 2094 1608 2130 Gustavo
1644 2092 1776 2129 Loewe
1841 2105 1844 2107 ’

251 2155 387 2199 amieo,
426 2155 489 2200 qui
522 2156 723 2192 Mediolani
762 2166 993 2192 commorans
1024 2154 1222 2201 Epidicum
1253 2154 1419 2190 fabulam
1449 2164 1573 2189 meum
1602 2152 1641 2188 in
1672 2164 1779 2188 usum

252 2214 528 2250 accuratissime
556 2215 761 2261 descripsit.
813 2215 867 2251 Cf.
893 2228 929 2261 p.
958 2220 1037 2250 116.

346 2277 382 2319 9)
408 2274 441 2309 V
471 2280 500 2318 1,
530 2280 570 2309 11
599 2275 653 2310 ita
678 2275 715 2310 in
741 2275 770 2309 B
796 2274 1006 2310 exhibetur:

443 2345 657 2390 quaeritant
683 2358 741 2382 me
768 2347 805 2382 in
831 2346 1001 2382 manibus
1027 2348 1178 2392 gestant
1202 2345 1354 2391 copulas
1381 2356 1529 2380 secum
1554 2343 1673 2380 siaui

252 2417 349 2452 unde
380 2416 567 2462 profectus
601 2417 765 2463 Scaliger
796 2417 986 2463 ingeniose
1012 2416 1205 2462 proposuit
1229 2416 1426 2452 secuncias.
1477 2416 1498 2451 J
1523 2415 1640 2451 habet
1662 2426 1780 2451 secum

250 2477 379 2518 sanai,
405 2476 503 2521 quod
530 2487 609 2512 esse
634 2486 751 2511 secum
775 2477 886 2511 simul
911 2475 1065 2525 ettillud
1090 2486 1207 2510 secum
1231 2475 1326 2509 sium
1350 2473 1526 2509 discimus
1551 2485 1596 2509 ex
1622 2473 1779 2510 Ambro-

250 2535 366 2579 siano,
394 2536 490 2570 unde
516 2543 773 2570 suemusmun
799 2535 967 2570 Loewius
991 2534 1151 2570 feliciter
1189 2533 1295 2569 eruit.
1322 2554 1365 2559 —
1391 2533 1424 2567 V
1452 2537 1483 2577 1,
1509 2536 1530 2567 2
1556 2532 1586 2567 B
1611 2531 1778 2568 exhibet=

251 2606 344 2640 quae
368 2598 426 2630 εεύ
439 2622 654 2631 ........
673 2595 814 2639 praeda
840 2594 917 2638 (sed
943 2596 1000 2629 est
1023 2594 1061 2628 in
1086 2595 1238 2638 rasura),
1264 2594 1304 2629 J:
1330 2603 1422 2638 quae
1445 2603 1490 2628 ex
1508 2592 1669 2637 praedm
1693 2591 1780 2628 inde

253 2654 501 2690 Camerarius:
545 2665 638 2699 quae
673 2657 799 2698 empta·
823 2665 867 2688 ex
891 2654 1036 2698 praeda
1067 2657 1134 2691 est,
1172 2663 1283 2697 quam
1322 2651 1542 2697 scripturam
1573 2649 1780 2696 Geppertus

252 2715 449 2758 postquam
475 2713 512 2748 in
537 2725 629 2758 quae
653 2716 706 2748 est·
728 2716 847 2757 empta
870 2723 914 2747 ea:
934 2713 1078 2757 praeda
1103 2711 1268 2757 eorrupit
1292 2710 1385 2746 dicit
1401 2710 1516 2746 fuisse
1534 2708 1573 2744 in
1592 2708 1781 2755 codicibus

252 2771 470 2817 Langianis3
496 2772 541 2809 cf.
563 2784 598 2818 p.
613 2775 669 2808 82.
710 2770 811 2813 Quae
832 2783 875 2806 ex
896 2772 928 2805 A
947 2770 1088 2816 profert
1106 2770 1205 2806 idem
1225 2775 1779 2814 QUAEEMPTAEXPRAEDAEST‚

252 2842 296 2865 ea
322 2830 471 2868 Loewio
496 2842 568 2868 non
592 2830 668 2867 iam
693 2831 956 2879 apparuerunt.
