<?xml version="1.0" encoding="UTF-8"?>
<!DOCTYPE html PUBLIC "-//W3C//DTD XHTML 1.0 Transitional//EN"
    "http://www.w3.org/TR/xhtml1/DTD/xhtml1-transitional.dtd">
<html xmlns="http://www.w3.org/1999/xhtml" xml:lang="en" lang="en">
 <head>
  <title>
</title>
<meta http-equiv="Content-Type" content="text/html;charset=utf-8" />
  <meta name='ocr-system' content='tesseract 3.04.00' />
  <meta name='ocr-capabilities' content='ocr_page ocr_carea ocr_par ocr_line ocrx_word'/>
</head>
<body>
  <div class='ocr_page' id='page_1' title='image "analectaplautina00schuoft_0029.png"; bbox 0 0 1904 3106; ppageno 0'>
   <div class='ocr_carea' id='block_1_1' title="bbox 742 103 1033 144">
    <p class='ocr_par' dir='ltr' id='par_1_1' title="bbox 742 103 1033 144">
     <span class='ocr_line' id='line_1_1' title="bbox 742 103 1033 144; baseline -0.003 -11"><span class='ocrx_word' id='word_1_1' title='bbox 742 103 1033 144; x_wconf 69' lang='lat'>-15-</span> 
     </span>
    </p>
   </div>
   <div class='ocr_carea' id='block_1_2' title="bbox 123 205 1654 1392">
    <p class='ocr_par' dir='ltr' id='par_1_2' title="bbox 123 205 1651 332">
     <span class='ocr_line' id='line_1_2' title="bbox 123 205 1651 263; baseline -0.001 -15"><span class='ocrx_word' id='word_1_2' title='bbox 123 206 189 249; x_wconf 84' lang='lat' dir='ltr'><strong>ita</strong></span> <span class='ocrx_word' id='word_1_3' title='bbox 230 206 352 262; x_wconf 82' lang='lat' dir='ltr'><strong>ipsae</strong></span> <span class='ocrx_word' id='word_1_4' title='bbox 395 206 564 255; x_wconf 83' lang='lat' dir='ltr'><strong>absolvi</strong></span> <span class='ocrx_word' id='word_1_5' title='bbox 606 221 695 249; x_wconf 92' lang='lat' dir='ltr'><strong>non</strong></span> <span class='ocrx_word' id='word_1_6' title='bbox 735 210 920 262; x_wconf 80' lang='lat' dir='ltr'><strong>possunt</strong></span> <span class='ocrx_word' id='word_1_7' title='bbox 961 207 1047 248; x_wconf 91' lang='lat' dir='ltr'><strong>nisi</strong></span> <span class='ocrx_word' id='word_1_8' title='bbox 1091 207 1274 263; x_wconf 87' lang='lat' dir='ltr'><strong>singulis</strong></span> <span class='ocrx_word' id='word_1_9' title='bbox 1317 205 1651 261; x_wconf 76' lang='lat' dir='ltr'><strong>diligentissime</strong></span> 
     </span>
     <span class='ocr_line' id='line_1_3' title="bbox 126 277 836 332; baseline 0 -12"><span class='ocrx_word' id='word_1_10' title='bbox 126 277 435 332; x_wconf 79' lang='lat' dir='ltr'><strong>pet-pensitatis</strong></span> <span class='ocrx_word' id='word_1_11' title='bbox 466 290 516 318; x_wconf 88' lang='lat' dir='ltr'><strong>ac</strong></span> <span class='ocrx_word' id='word_1_12' title='bbox 547 278 836 332; x_wconf 79' lang='lat' dir='ltr'><strong>pertractatis.</strong></span> 
     </span>
    </p>

    <p class='ocr_par' dir='ltr' id='par_1_3' title="bbox 126 347 1651 544">
     <span class='ocr_line' id='line_1_4' title="bbox 244 347 1651 403; baseline -0.001 -13"><span class='ocrx_word' id='word_1_13' title='bbox 244 347 387 390; x_wconf 86' lang='lat' dir='ltr'><strong>Huius</strong></span> <span class='ocrx_word' id='word_1_14' title='bbox 429 362 531 390; x_wconf 84' lang='lat' dir='ltr'><strong>vero</strong></span> <span class='ocrx_word' id='word_1_15' title='bbox 572 348 758 390; x_wconf 84' lang='lat' dir='ltr'><strong>rationis</strong></span> <span class='ocrx_word' id='word_1_16' title='bbox 802 348 1030 391; x_wconf 85' lang='lat' dir='ltr'><strong>veritatem</strong></span> <span class='ocrx_word' id='word_1_17' title='bbox 1071 363 1160 391; x_wconf 93' lang='lat' dir='ltr'><strong>non</strong></span> <span class='ocrx_word' id='word_1_18' title='bbox 1201 361 1371 403; x_wconf 86' lang='lat' dir='ltr'>semper</span> <span class='ocrx_word' id='word_1_19' title='bbox 1408 347 1516 389; x_wconf 86' lang='lat' dir='ltr'><strong>satis</strong></span> <span class='ocrx_word' id='word_1_20' title='bbox 1559 361 1651 402; x_wconf 89' lang='lat' dir='ltr'><strong>per-</strong></span> 
     </span>
     <span class='ocr_line' id='line_1_5' title="bbox 127 417 1650 474; baseline -0.001 -13"><span class='ocrx_word' id='word_1_21' title='bbox 127 421 320 474; x_wconf 76' lang='lat' dir='ltr'><strong>spectam</strong></span> <span class='ocrx_word' id='word_1_22' title='bbox 355 418 559 466; x_wconf 83' lang='lat' dir='ltr'><strong>habuisse</strong></span> <span class='ocrx_word' id='word_1_23' title='bbox 594 417 791 461; x_wconf 89' lang='lat' dir='ltr'><strong>homines</strong></span> <span class='ocrx_word' id='word_1_24' title='bbox 832 419 982 462; x_wconf 87' lang='lat' dir='ltr'><strong>doctos</strong></span> <span class='ocrx_word' id='word_1_25' title='bbox 1019 419 1107 461; x_wconf 90' lang='lat' dir='ltr'><strong>iam</strong></span> <span class='ocrx_word' id='word_1_26' title='bbox 1144 419 1275 460; x_wconf 89' lang='lat' dir='ltr'><strong>liceat</strong></span> <span class='ocrx_word' id='word_1_27' title='bbox 1306 418 1514 472; x_wconf 85' lang='lat' dir='ltr'><strong>exemplis</strong></span> <span class='ocrx_word' id='word_1_28' title='bbox 1545 432 1650 460; x_wconf 92' lang='lat' dir='ltr'><strong>non-</strong></span> 
     </span>
     <span class='ocr_line' id='line_1_6' title="bbox 126 489 583 544; baseline -0.002 -12"><span class='ocrx_word' id='word_1_29' title='bbox 126 489 262 532; x_wconf 79' lang='lat' dir='ltr'><strong>nullis</strong></span> <span class='ocrx_word' id='word_1_30' title='bbox 291 489 583 544; x_wconf 89' lang='lat' dir='ltr'><strong>comprobare.</strong></span> 
     </span>
    </p>

    <p class='ocr_par' dir='ltr' id='par_1_4' title="bbox 127 558 1653 969">
     <span class='ocr_line' id='line_1_7' title="bbox 244 558 1651 616; baseline -0.001 -14"><span class='ocrx_word' id='word_1_31' title='bbox 244 559 310 602; x_wconf 87' lang='lat' dir='ltr'><strong>Ac</strong></span> <span class='ocrx_word' id='word_1_32' title='bbox 347 558 534 614; x_wconf 89' lang='lat' dir='ltr'><strong>primum</strong></span> <span class='ocrx_word' id='word_1_33' title='bbox 564 560 735 614; x_wconf 83' lang='lat' dir='ltr'><strong>quidem</strong></span> <span class='ocrx_word' id='word_1_34' title='bbox 766 560 964 616; x_wconf 79' lang='lat' dir='ltr'><strong>quaestio</strong></span> <span class='ocrx_word' id='word_1_35' title='bbox 996 560 1172 603; x_wconf 78' lang='lat' dir='ltr'><strong>inicitur</strong></span> <span class='ocrx_word' id='word_1_36' title='bbox 1202 561 1253 603; x_wconf 92' lang='lat' dir='ltr'><strong>de</strong></span> <span class='ocrx_word' id='word_1_37' title='bbox 1284 559 1651 605; x_wconf 74' lang='lat' dir='ltr'><strong>contaminatione</strong></span> 
     </span>
     <span class='ocr_line' id='line_1_8' title="bbox 129 629 1653 686; baseline -0.001 -14"><span class='ocrx_word' id='word_1_38' title='bbox 129 644 258 686; x_wconf 87' lang='lat' dir='ltr'><strong>quam</strong></span> <span class='ocrx_word' id='word_1_39' title='bbox 298 629 452 672; x_wconf 84' lang='lat' dir='ltr'><strong>volunt</strong></span> <span class='ocrx_word' id='word_1_40' title='bbox 490 629 674 672; x_wconf 89' lang='lat' dir='ltr'><strong>fabulae.</strong></span> <span class='ocrx_word' id='word_1_41' title='bbox 735 629 847 671; x_wconf 90' lang='lat' dir='ltr'><strong>Eam</strong></span> <span class='ocrx_word' id='word_1_42' title='bbox 887 630 1000 672; x_wconf 89' lang='lat' dir='ltr'><strong>enim</strong></span> <span class='ocrx_word' id='word_1_43' title='bbox 1042 632 1087 672; x_wconf 90' lang='lat' dir='ltr'><strong>et</strong></span> <span class='ocrx_word' id='word_1_44' title='bbox 1124 629 1394 686; x_wconf 85' lang='lat' dir='ltr'><strong>Ladewigius</strong></span> <span class='ocrx_word' id='word_1_45' title='bbox 1436 629 1519 671; x_wconf 90' lang='lat' dir='ltr'><strong>sibi</strong></span> <span class='ocrx_word' id='word_1_46' title='bbox 1558 643 1653 683; x_wconf 86' lang='lat' dir='ltr'><strong>per-</strong></span> 
     </span>
     <span class='ocr_line' id='line_1_9' title="bbox 129 699 1653 756; baseline -0.001 -12"><span class='ocrx_word' id='word_1_47' title='bbox 129 701 267 744; x_wconf 82' lang='lat' dir='ltr'><strong>suasit</strong></span> <span class='ocrx_word' id='word_1_48' title='bbox 302 715 329 743; x_wconf 85' lang='lat' dir='ltr'><strong>a</strong></span> <span class='ocrx_word' id='word_1_49' title='bbox 366 703 496 756; x_wconf 87' lang='lat' dir='ltr'><strong>poeta</strong></span> <span class='ocrx_word' id='word_1_50' title='bbox 531 701 778 743; x_wconf 89' lang='lat' dir='ltr'><strong>institutam</strong></span> <span class='ocrx_word' id='word_1_51' title='bbox 810 715 903 743; x_wconf 85' lang='lat' dir='ltr'><strong>esse</strong></span> <span class='ocrx_word' id='word_1_52' title='bbox 935 704 979 743; x_wconf 94' lang='lat' dir='ltr'><strong>et</strong></span> <span class='ocrx_word' id='word_1_53' title='bbox 1010 700 1217 743; x_wconf 84' lang='lat' dir='ltr'><strong>Dziatzko</strong></span> <span class='ocrx_word' id='word_1_54' title='bbox 1249 702 1304 743; x_wconf 89' lang='lat' dir='ltr'><strong>ab</strong></span> <span class='ocrx_word' id='word_1_55' title='bbox 1337 700 1455 742; x_wconf 91' lang='lat' dir='ltr'><strong>omni</strong></span> <span class='ocrx_word' id='word_1_56' title='bbox 1486 699 1653 741; x_wconf 80' lang='lat' dir='ltr'><strong>dubita-</strong></span> 
     </span>
     <span class='ocr_line' id='line_1_10' title="bbox 127 769 1653 827; baseline -0.002 -12"><span class='ocrx_word' id='word_1_57' title='bbox 127 771 246 815; x_wconf 80' lang='lat' dir='ltr'><strong>tione</strong></span> <span class='ocrx_word' id='word_1_58' title='bbox 277 773 489 814; x_wconf 83' lang='lat' dir='ltr'><strong>exemtam</strong></span> <span class='ocrx_word' id='word_1_59' title='bbox 521 771 763 813; x_wconf 76' lang='lat' dir='ltr'><strong>autumavit</strong></span> <span class='ocrx_word' id='word_1_60' title='bbox 773 769 837 827; x_wconf 43' lang='grc' dir='ltr'><strong>ἥ).</strong></span> <span class='ocrx_word' id='word_1_61' title='bbox 887 770 1143 826; x_wconf 80' lang='lat' dir='ltr'><strong>Quanquam</strong></span> <span class='ocrx_word' id='word_1_62' title='bbox 1174 785 1282 826; x_wconf 90' lang='lat' dir='ltr'><strong>quas</strong></span> <span class='ocrx_word' id='word_1_63' title='bbox 1314 771 1556 814; x_wconf 89' lang='lat' dir='ltr'><strong>attulerunt</strong></span> <span class='ocrx_word' id='word_1_64' title='bbox 1586 785 1653 812; x_wconf 89' lang='lat' dir='ltr'><strong>ra·</strong></span> 
     </span>
     <span class='ocr_line' id='line_1_11' title="bbox 131 841 1652 885; baseline -0.001 0"><span class='ocrx_word' id='word_1_65' title='bbox 131 842 271 885; x_wconf 84' lang='lat' dir='ltr'><strong>tiones</strong></span> <span class='ocrx_word' id='word_1_66' title='bbox 301 857 389 885; x_wconf 92' lang='lat' dir='ltr'><strong>non</strong></span> <span class='ocrx_word' id='word_1_67' title='bbox 420 842 616 884; x_wconf 86' lang='lat' dir='ltr'><strong>sufficere</strong></span> <span class='ocrx_word' id='word_1_68' title='bbox 647 842 734 884; x_wconf 89' lang='lat' dir='ltr'><strong>iam</strong></span> <span class='ocrx_word' id='word_1_69' title='bbox 766 841 967 884; x_wconf 87' lang='lat' dir='ltr'><strong>Goetzius</strong></span> <span class='ocrx_word' id='word_1_70' title='bbox 998 856 1119 883; x_wconf 86' lang='lat' dir='ltr'><strong>meus</strong></span> <span class='ocrx_word' id='word_1_71' title='bbox 1150 842 1463 884; x_wconf 82' lang='lat' dir='ltr'><strong>demonstravit</strong></span> <span class='ocrx_word' id='word_1_72' title='bbox 1494 842 1540 883; x_wconf 92' lang='lat' dir='ltr'><strong>in</strong></span> <span class='ocrx_word' id='word_1_73' title='bbox 1570 841 1652 883; x_wconf 92' lang='lat' dir='ltr'><strong>dis-</strong></span> 
     </span>
     <span class='ocr_line' id='line_1_12' title="bbox 130 911 754 969; baseline 0 -14"><span class='ocrx_word' id='word_1_74' title='bbox 130 913 363 955; x_wconf 84' lang='lat' dir='ltr'><strong>sertatione</strong></span> <span class='ocrx_word' id='word_1_75' title='bbox 394 927 533 968; x_wconf 89' lang='lat' dir='ltr'><strong>nuper</strong></span> <span class='ocrx_word' id='word_1_76' title='bbox 563 913 679 955; x_wconf 88' lang='lat' dir='ltr'><strong>edita</strong></span> <span class='ocrx_word' id='word_1_77' title='bbox 689 911 754 969; x_wconf 76' lang='lat'><strong>²⁹).</strong></span> 
     </span>
    </p>

    <p class='ocr_par' dir='ltr' id='par_1_5' title="bbox 129 980 1654 1392">
     <span class='ocr_line' id='line_1_13' title="bbox 237 980 1652 1039; baseline -0.001 -13"><span class='ocrx_word' id='word_1_78' title='bbox 237 982 334 1026; x_wconf 33' lang='lat' dir='ltr'><strong>*Sed</strong></span> <span class='ocrx_word' id='word_1_79' title='bbox 370 986 603 1039; x_wconf 81' lang='lat' dir='ltr'><strong>antequam</strong></span> <span class='ocrx_word' id='word_1_80' title='bbox 634 983 688 1025; x_wconf 85' lang='lat' dir='ltr'><strong>ad</strong></span> <span class='ocrx_word' id='word_1_81' title='bbox 719 983 1131 1026; x_wconf 81' lang='lat' dir='ltr'><strong>contaminationem</strong></span> <span class='ocrx_word' id='word_1_82' title='bbox 1162 983 1487 1039; x_wconf 86' lang='lat' dir='ltr'><strong>proponendam</strong></span> <span class='ocrx_word' id='word_1_83' title='bbox 1499 980 1551 1038; x_wconf 74' lang='lat'><strong>³⁰)</strong></span> <span class='ocrx_word' id='word_1_84' title='bbox 1583 982 1652 1024; x_wconf 91' lang='lat' dir='ltr'><strong>de-</strong></span> 
     </span>
     <span class='ocr_line' id='line_1_14' title="bbox 131 1052 1651 1110; baseline -0.001 -13"><span class='ocrx_word' id='word_1_85' title='bbox 131 1054 400 1106; x_wconf 84' lang='lat' dir='ltr'><strong>scenderent,</strong></span> <span class='ocrx_word' id='word_1_86' title='bbox 431 1057 530 1097; x_wconf 88' lang='lat' dir='ltr'><strong>ante</strong></span> <span class='ocrx_word' id='word_1_87' title='bbox 561 1054 705 1097; x_wconf 89' lang='lat' dir='ltr'><strong>omnia</strong></span> <span class='ocrx_word' id='word_1_88' title='bbox 735 1054 1027 1110; x_wconf 89' lang='lat' dir='ltr'><strong>quaerendum</strong></span> <span class='ocrx_word' id='word_1_89' title='bbox 1058 1057 1168 1109; x_wconf 87' lang='lat' dir='ltr'><strong>erat,</strong></span> <span class='ocrx_word' id='word_1_90' title='bbox 1197 1054 1406 1109; x_wconf 91' lang='lat' dir='ltr'><strong>numquid</strong></span> <span class='ocrx_word' id='word_1_91' title='bbox 1437 1052 1651 1108; x_wconf 87' lang='lat' dir='ltr'><strong>explorari</strong></span> 
     </span>
     <span class='ocr_line' id='line_1_15' title="bbox 129 1124 1653 1180; baseline 0 -14"><span class='ocrx_word' id='word_1_92' title='bbox 129 1128 277 1180; x_wconf 82' lang='lat' dir='ltr'><strong>posset</strong></span> <span class='ocrx_word' id='word_1_93' title='bbox 319 1125 377 1167; x_wconf 89' lang='lat' dir='ltr'><strong>de</strong></span> <span class='ocrx_word' id='word_1_94' title='bbox 419 1138 603 1180; x_wconf 85' lang='lat' dir='ltr'><strong>graeco</strong></span> <span class='ocrx_word' id='word_1_95' title='bbox 647 1124 779 1180; x_wconf 91' lang='lat' dir='ltr'><strong>quod</strong></span> <span class='ocrx_word' id='word_1_96' title='bbox 815 1124 1030 1167; x_wconf 86' lang='lat' dir='ltr'><strong>Plautus</strong></span> <span class='ocrx_word' id='word_1_97' title='bbox 1068 1127 1275 1167; x_wconf 86' lang='lat' dir='ltr'><strong>secutus</strong></span> <span class='ocrx_word' id='word_1_98' title='bbox 1311 1128 1449 1168; x_wconf 87' lang='lat' dir='ltr'><strong>esset</strong></span> <span class='ocrx_word' id='word_1_99' title='bbox 1486 1139 1653 1166; x_wconf 84' lang='lat' dir='ltr'><strong>exem-</strong></span> 
     </span>
     <span class='ocr_line' id='line_1_16' title="bbox 131 1195 1654 1252; baseline 0 -16"><span class='ocrx_word' id='word_1_100' title='bbox 131 1195 287 1250; x_wconf 84' lang='lat' dir='ltr'><strong>plari,</strong></span> <span class='ocrx_word' id='word_1_101' title='bbox 317 1195 431 1250; x_wconf 90' lang='lat' dir='ltr'><strong>quod</strong></span> <span class='ocrx_word' id='word_1_102' title='bbox 461 1195 533 1238; x_wconf 83' lang='lat' dir='ltr'><strong>vix</strong></span> <span class='ocrx_word' id='word_1_103' title='bbox 564 1195 702 1237; x_wconf 85' lang='lat' dir='ltr'><strong>adhuc</strong></span> <span class='ocrx_word' id='word_1_104' title='bbox 727 1195 1069 1250; x_wconf 81' lang='lat' dir='ltr'><strong>perstrinxerunt</strong></span> <span class='ocrx_word' id='word_1_105' title='bbox 1093 1199 1222 1251; x_wconf 88' lang='lat' dir='ltr'><strong>atque</strong></span> <span class='ocrx_word' id='word_1_106' title='bbox 1249 1196 1500 1252; x_wconf 83' lang='lat' dir='ltr'><strong>attigerunt.</strong></span> <span class='ocrx_word' id='word_1_107' title='bbox 1539 1195 1654 1237; x_wconf 86' lang='lat' dir='ltr'><strong>Nam</strong></span> 
     </span>
     <span class='ocr_line' id='line_1_17' title="bbox 134 1264 1654 1321; baseline -0.001 -13"><span class='ocrx_word' id='word_1_108' title='bbox 134 1264 405 1321; x_wconf 84' lang='lat' dir='ltr'><strong>Ladewigius</strong></span> <span class='ocrx_word' id='word_1_109' title='bbox 441 1265 552 1307; x_wconf 89' lang='lat' dir='ltr'><strong>nihil</strong></span> <span class='ocrx_word' id='word_1_110' title='bbox 589 1266 834 1320; x_wconf 87' lang='lat' dir='ltr'><strong>proposuit,</strong></span> <span class='ocrx_word' id='word_1_111' title='bbox 876 1266 962 1308; x_wconf 90' lang='lat' dir='ltr'><strong>nisi</strong></span> <span class='ocrx_word' id='word_1_112' title='bbox 998 1267 1335 1308; x_wconf 85' lang='lat' dir='ltr'><strong>contaminatam</strong></span> <span class='ocrx_word' id='word_1_113' title='bbox 1368 1281 1461 1308; x_wconf 87' lang='lat' dir='ltr'><strong>esse</strong></span> <span class='ocrx_word' id='word_1_114' title='bbox 1492 1265 1654 1307; x_wconf 82' lang='lat' dir='ltr'><strong>Trucu-</strong></span> 
     </span>
     <span class='ocr_line' id='line_1_18' title="bbox 132 1335 1654 1392; baseline 0 -15"><span class='ocrx_word' id='word_1_115' title='bbox 132 1335 300 1378; x_wconf 89' lang='lat' dir='ltr'><strong>lentum</strong></span> <span class='ocrx_word' id='word_1_116' title='bbox 324 1351 375 1378; x_wconf 82' lang='lat' dir='ltr'><strong>ex</strong></span> <span class='ocrx_word' id='word_1_117' title='bbox 398 1335 571 1392; x_wconf 86' lang='lat' dir='ltr'><strong>fabulis,</strong></span> <span class='ocrx_word' id='word_1_118' title='bbox 602 1336 795 1391; x_wconf 79' lang='lat' dir='ltr'><strong>quarum&#39;</strong></span> <span class='ocrx_word' id='word_1_119' title='bbox 809 1337 947 1378; x_wconf 87' lang='lat' dir='ltr'><strong>altera</strong></span> <span class='ocrx_word' id='word_1_120' title='bbox 967 1337 1107 1378; x_wconf 86' lang='lat' dir='ltr'><strong>simile</strong></span> <span class='ocrx_word' id='word_1_121' title='bbox 1127 1351 1223 1379; x_wconf 91' lang='lat' dir='ltr'><strong>cum</strong></span> <span class='ocrx_word' id='word_1_122' title='bbox 1243 1337 1471 1379; x_wconf 86' lang='lat' dir='ltr'><strong>Menandri</strong></span> <span class='ocrx_word' id='word_1_123' title='bbox 1490 1336 1654 1378; x_wconf 86' lang='lat' dir='ltr'><strong>Thaide</strong></span> 
     </span>
    </p>
   </div>
   <div class='ocr_carea' id='block_1_3' title="bbox 139 1407 1719 1463">
    <p class='ocr_par' dir='ltr' id='par_1_6' title="bbox 139 1407 1719 1463">
     <span class='ocr_line' id='line_1_19' title="bbox 139 1407 1719 1463; baseline 0 -15"><span class='ocrx_word' id='word_1_124' title='bbox 139 1409 439 1461; x_wconf 84' lang='lat' dir='ltr'><strong>argumentum</strong></span> <span class='ocrx_word' id='word_1_125' title='bbox 489 1407 765 1462; x_wconf 88' lang='lat' dir='ltr'><strong>continuerit,</strong></span> <span class='ocrx_word' id='word_1_126' title='bbox 815 1407 953 1449; x_wconf 88' lang='lat' dir='ltr'><strong>altera</strong></span> <span class='ocrx_word' id='word_1_127' title='bbox 994 1407 1216 1459; x_wconf 78' lang='grc' dir='ltr'>Ἀγροικοε</span> <span class='ocrx_word' id='word_1_128' title='bbox 1261 1408 1470 1463; x_wconf 85' lang='lat' dir='ltr'><strong>quaedam</strong></span> <span class='ocrx_word' id='word_1_129' title='bbox 1512 1407 1654 1449; x_wconf 79' lang='lat' dir='ltr'><strong>fuerit.</strong></span> <span class='ocrx_word' id='word_1_130' title='bbox 1714 1430 1719 1435; x_wconf 92' lang='lat'>·</span> 
     </span>
    </p>
   </div>
   <div class='ocr_carea' id='block_1_4' title="bbox 131 1475 1656 1604">
    <p class='ocr_par' dir='ltr' id='par_1_7' title="bbox 131 1475 1656 1604">
     <span class='ocr_line' id='line_1_20' title="bbox 131 1475 1656 1534; baseline 0.001 -15"><span class='ocrx_word' id='word_1_131' title='bbox 131 1475 276 1519; x_wconf 83' lang='lat' dir='ltr'><strong>Nimis</strong></span> <span class='ocrx_word' id='word_1_132' title='bbox 306 1479 451 1519; x_wconf 88' lang='lat' dir='ltr'><strong>autem</strong></span> <span class='ocrx_word' id='word_1_133' title='bbox 482 1481 673 1533; x_wconf 84' lang='lat' dir='ltr'><strong>vagatur.</strong></span> <span class='ocrx_word' id='word_1_134' title='bbox 696 1477 873 1533; x_wconf 84' lang='lat' dir='ltr'><strong>Bergkii</strong></span> <span class='ocrx_word' id='word_1_135' title='bbox 911 1478 1057 1532; x_wconf 92' lang='lat' dir='ltr'><strong>opinio</strong></span> <span class='ocrx_word' id='word_1_136' title='bbox 1088 1477 1291 1520; x_wconf 87' lang='lat' dir='ltr'><strong>Plautum</strong></span> <span class='ocrx_word' id='word_1_137' title='bbox 1328 1477 1494 1520; x_wconf 90' lang='lat' dir='ltr'><strong>mediae</strong></span> <span class='ocrx_word' id='word_1_138' title='bbox 1525 1493 1656 1534; x_wconf 88' lang='lat' dir='ltr'><strong>quam</strong></span> 
     </span>
     <span class='ocr_line' id='line_1_21' title="bbox 134 1546 1655 1604; baseline 0.001 -15"><span class='ocrx_word' id='word_1_139' title='bbox 134 1546 314 1590; x_wconf 89' lang='lat' dir='ltr'><strong>dicimus</strong></span> <span class='ocrx_word' id='word_1_140' title='bbox 366 1547 610 1590; x_wconf 90' lang='lat' dir='ltr'><strong>comoediae</strong></span> <span class='ocrx_word' id='word_1_141' title='bbox 651 1547 846 1590; x_wconf 81' lang='lat' dir='ltr'><strong>fabulam</strong></span> <span class='ocrx_word' id='word_1_142' title='bbox 891 1549 1152 1604; x_wconf 85' lang='lat' dir='ltr'><strong>expressisse</strong></span> <span class='ocrx_word' id='word_1_143' title='bbox 1196 1549 1377 1591; x_wconf 89' lang='lat' dir='ltr'><strong>dicentis</strong></span> <span class='ocrx_word' id='word_1_144' title='bbox 1389 1547 1453 1604; x_wconf 78' lang='lat'><strong>³¹).</strong></span> <span class='ocrx_word' id='word_1_145' title='bbox 1544 1549 1655 1600; x_wconf 86' lang='lat' dir='ltr'><strong>Quid</strong></span> 
     </span>
    </p>
   </div>
   <div class='ocr_carea' id='block_1_5' title="bbox 131 1654 412 1659">
    <p class='ocr_par' dir='ltr' id='par_1_8' title="bbox 131 1654 412 1659">
     <span class='ocr_line' id='line_1_22' title="bbox 131 1654 412 1659; baseline 0 0"><span class='ocrx_word' id='word_1_146' title='bbox 131 1654 412 1659; x_wconf 95' lang='lat' dir='ltr'><strong> </strong></span> 
     </span>
    </p>
   </div>
   <div class='ocr_carea' id='block_1_6' title="bbox 227 1711 1656 1757">
    <p class='ocr_par' dir='ltr' id='par_1_9' title="bbox 227 1711 1656 1757">
     <span class='ocr_line' id='line_1_23' title="bbox 227 1711 1656 1757; baseline 0.001 -10"><span class='ocrx_word' id='word_1_147' title='bbox 227 1713 289 1757; x_wconf 76' lang='lat'><strong>28)</strong></span> <span class='ocrx_word' id='word_1_148' title='bbox 314 1711 490 1756; x_wconf 85' lang='lat' dir='ltr'><strong>Ladewig</strong></span> <span class='ocrx_word' id='word_1_149' title='bbox 516 1711 650 1747; x_wconf 84' lang='lat' dir='ltr'><strong>‘Ueber</strong></span> <span class='ocrx_word' id='word_1_150' title='bbox 674 1712 744 1746; x_wconf 78' lang='lat' dir='ltr'><strong>den</strong></span> <span class='ocrx_word' id='word_1_151' title='bbox 768 1712 908 1747; x_wconf 77' lang='lat' dir='ltr'><strong>Kanon</strong></span> <span class='ocrx_word' id='word_1_152' title='bbox 931 1713 966 1748; x_wconf 86' lang='lat' dir='ltr'><strong>d.</strong></span> <span class='ocrx_word' id='word_1_153' title='bbox 1001 1712 1097 1747; x_wconf 87' lang='lat' dir='ltr'><strong>Volc.</strong></span> <span class='ocrx_word' id='word_1_154' title='bbox 1125 1712 1223 1747; x_wconf 61' lang='lat' dir='ltr'><strong>Sed?</strong></span> <span class='ocrx_word' id='word_1_155' title='bbox 1251 1724 1286 1757; x_wconf 89' lang='lat' dir='ltr'><strong>p.</strong></span> <span class='ocrx_word' id='word_1_156' title='bbox 1314 1716 1358 1747; x_wconf 90' lang='lat'><strong>33</strong></span> <span class='ocrx_word' id='word_1_157' title='bbox 1380 1724 1445 1757; x_wconf 83' lang='lat' dir='ltr'><strong>sq.‚</strong></span> <span class='ocrx_word' id='word_1_158' title='bbox 1476 1712 1656 1748; x_wconf 87' lang='lat' dir='ltr'><strong>Dziatzko</strong></span> 
     </span>
    </p>
   </div>
   <div class='ocr_carea' id='block_1_7' title="bbox 14 1751 1655 1816">
    <p class='ocr_par' dir='ltr' id='par_1_10' title="bbox 14 1751 1655 1816">
     <span class='ocr_line' id='line_1_24' title="bbox 14 1751 1655 1816; baseline -0.001 -8"><span class='ocrx_word' id='word_1_159' title='bbox 14 1751 22 1808; x_wconf 34' lang='grc' dir='ltr'><strong>ζ</strong></span> <span class='ocrx_word' id='word_1_160' title='bbox 55 1763 61 1766; x_wconf 41' lang='lat'><strong><em>⁴</em></strong></span> <span class='ocrx_word' id='word_1_161' title='bbox 132 1769 159 1805; x_wconf 89' lang='lat'><strong>1.</strong></span> <span class='ocrx_word' id='word_1_162' title='bbox 179 1781 207 1806; x_wconf 74' lang='lat' dir='ltr'><strong>a.</strong></span> <span class='ocrx_word' id='word_1_163' title='bbox 227 1782 254 1807; x_wconf 79' lang='lat' dir='ltr'><strong>s.</strong></span> <span class='ocrx_word' id='word_1_164' title='bbox 273 1782 309 1815; x_wconf 88' lang='lat' dir='ltr'><strong>p.</strong></span> <span class='ocrx_word' id='word_1_165' title='bbox 325 1775 367 1806; x_wconf 99' lang='grc'><strong>61</strong></span> <span class='ocrx_word' id='word_1_166' title='bbox 385 1782 438 1815; x_wconf 89' lang='lat' dir='ltr'><strong>sq.</strong></span> <span class='ocrx_word' id='word_1_167' title='bbox 465 1770 577 1815; x_wconf 55' lang='lat' dir='ltr'><strong>(Saum</strong></span> <span class='ocrx_word' id='word_1_168' title='bbox 601 1769 767 1805; x_wconf 76' lang='lat' dir='ltr'><strong>Schlusse</strong></span> <span class='ocrx_word' id='word_1_169' title='bbox 790 1771 843 1805; x_wconf 80' lang='lat' dir='ltr'><strong>sei</strong></span> <span class='ocrx_word' id='word_1_170' title='bbox 866 1781 902 1806; x_wconf 78' lang='lat' dir='ltr'><strong>es</strong></span> <span class='ocrx_word' id='word_1_171' title='bbox 924 1774 1087 1816; x_wconf 63' lang='grc' dir='ltr'><strong>μεταιτεῖ</strong></span> <span class='ocrx_word' id='word_1_172' title='bbox 1110 1772 1200 1806; x_wconf 72' lang='lat' dir='ltr'><strong>kur-z</strong></span> <span class='ocrx_word' id='word_1_173' title='bbox 1225 1771 1300 1814; x_wconf 78' lang='lat' dir='ltr'><strong>auf</strong></span> <span class='ocrx_word' id='word_1_174' title='bbox 1317 1771 1375 1805; x_wconf 80' lang='lat' dir='ltr'><strong>die</strong></span> <span class='ocrx_word' id='word_1_175' title='bbox 1399 1772 1655 1815; x_wconf 78' lang='lat' dir='ltr'><strong>unzweifel-</strong></span> 
     </span>
    </p>
   </div>
   <div class='ocr_carea' id='block_1_8' title="bbox 0 1294 62 3106">
    <p class='ocr_par' dir='ltr' id='par_1_11' title="bbox 0 1294 62 3106">
     <span class='ocr_line' id='line_1_25' title="bbox 0 1294 62 3106; baseline 0 0"><span class='ocrx_word' id='word_1_176' title='bbox 0 1294 62 3106; x_wconf 95' lang='lat' dir='ltr'><strong> </strong></span> 
     </span>
    </p>
   </div>
   <div class='ocr_carea' id='block_1_9' title="bbox 131 1828 1660 2872">
    <p class='ocr_par' dir='ltr' id='par_1_12' title="bbox 131 1828 1251 1881">
     <span class='ocr_line' id='line_1_26' title="bbox 131 1828 1251 1881; baseline 0.002 -18"><span class='ocrx_word' id='word_1_177' title='bbox 131 1828 581 1872; x_wconf 13' lang='lat' dir='ltr'><strong>haftessGontamination</strong></span> <span class='ocrx_word' id='word_1_178' title='bbox 603 1829 665 1864; x_wconf 81' lang='lat' dir='ltr'><strong>des</strong></span> <span class='ocrx_word' id='word_1_179' title='bbox 690 1829 934 1865; x_wconf 62' lang='lat' dir='ltr'><strong>Tmo-alemus</strong></span> <span class='ocrx_word' id='word_1_180' title='bbox 958 1830 1216 1875; x_wconf 71' lang='lat' dir='ltr'><strong>eimuyehen’).</strong></span> <span class='ocrx_word' id='word_1_181' title='bbox 1246 1876 1251 1881; x_wconf 30' lang='lat'>¹</span> 
     </span>
    </p>

    <p class='ocr_par' dir='ltr' id='par_1_13' title="bbox 135 1888 1660 2286">
     <span class='ocr_line' id='line_1_27' title="bbox 228 1888 1656 1934; baseline 0.001 -12"><span class='ocrx_word' id='word_1_182' title='bbox 228 1889 288 1932; x_wconf 83' lang='lat'><strong>29)</strong></span> <span class='ocrx_word' id='word_1_183' title='bbox 321 1888 622 1934; x_wconf 73' lang='lat' dir='ltr'><strong>‘Dittoyraphien</strong></span> <span class='ocrx_word' id='word_1_184' title='bbox 645 1889 696 1923; x_wconf 80' lang='lat' dir='ltr'><strong>im</strong></span> <span class='ocrx_word' id='word_1_185' title='bbox 722 1888 995 1924; x_wconf 75' lang='lat' dir='ltr'><strong>Plautustexte&#39;</strong></span> <span class='ocrx_word' id='word_1_186' title='bbox 1028 1889 1069 1924; x_wconf 86' lang='lat' dir='ltr'><strong>in</strong></span> <span class='ocrx_word' id='word_1_187' title='bbox 1099 1890 1179 1924; x_wconf 85' lang='lat' dir='ltr'><strong>Act.</strong></span> <span class='ocrx_word' id='word_1_188' title='bbox 1207 1900 1279 1924; x_wconf 75' lang='lat' dir='ltr'><strong>soc.</strong></span> <span class='ocrx_word' id='word_1_189' title='bbox 1305 1889 1398 1934; x_wconf 91' lang='lat' dir='ltr'><strong>phil.</strong></span> <span class='ocrx_word' id='word_1_190' title='bbox 1423 1889 1524 1934; x_wconf 87' lang='lat' dir='ltr'><strong>Lips.</strong></span> <span class='ocrx_word' id='word_1_191' title='bbox 1551 1891 1578 1924; x_wconf 89' lang='lat' dir='ltr'><strong>t.</strong></span> <span class='ocrx_word' id='word_1_192' title='bbox 1603 1889 1656 1924; x_wconf 88' lang='lat' dir='ltr'><strong>VI</strong></span> 
     </span>
     <span class='ocr_line' id='line_1_28' title="bbox 135 1946 1656 1994; baseline 0.001 -13"><span class='ocrx_word' id='word_1_193' title='bbox 135 1946 257 1990; x_wconf 82' lang='lat'>(18&#39;16)</span> <span class='ocrx_word' id='word_1_194' title='bbox 286 1958 323 1991; x_wconf 89' lang='lat' dir='ltr'><strong>p.</strong></span> <span class='ocrx_word' id='word_1_195' title='bbox 349 1951 419 1982; x_wconf 83' lang='lat'><strong>320</strong></span> <span class='ocrx_word' id='word_1_196' title='bbox 438 1959 492 1991; x_wconf 87' lang='lat' dir='ltr'><strong>sq.</strong></span> <span class='ocrx_word' id='word_1_197' title='bbox 540 1947 645 1982; x_wconf 87' lang='lat' dir='ltr'><strong>Hanc</strong></span> <span class='ocrx_word' id='word_1_198' title='bbox 677 1946 972 1982; x_wconf 82' lang='lat' dir='ltr'><strong>dissertationem</strong></span> <span class='ocrx_word' id='word_1_199' title='bbox 1003 1959 1026 1983; x_wconf 91' lang='lat' dir='ltr'><strong>a</strong></span> <span class='ocrx_word' id='word_1_200' title='bbox 1055 1959 1115 1983; x_wconf 92' lang='lat' dir='ltr'><strong>me</strong></span> <span class='ocrx_word' id='word_1_201' title='bbox 1148 1959 1231 1983; x_wconf 91' lang='lat' dir='ltr'><strong>cum</strong></span> <span class='ocrx_word' id='word_1_202' title='bbox 1258 1959 1302 1982; x_wconf 87' lang='lat' dir='ltr'><strong>ea</strong></span> <span class='ocrx_word' id='word_1_203' title='bbox 1326 1959 1401 1992; x_wconf 87' lang='lat' dir='ltr'><strong>qua</strong></span> <span class='ocrx_word' id='word_1_204' title='bbox 1424 1947 1517 1983; x_wconf 86' lang='lat' dir='ltr'><strong>mihi</strong></span> <span class='ocrx_word' id='word_1_205' title='bbox 1541 1948 1656 1994; x_wconf 85' lang='lat' dir='ltr'><strong>digna</strong></span> 
     </span>
     <span class='ocr_line' id='line_1_29' title="bbox 135 2003 1656 2051; baseline 0.002 -12"><span class='ocrx_word' id='word_1_206' title='bbox 135 2015 216 2040; x_wconf 75' lang='lat' dir='ltr'><strong>esse</strong></span> <span class='ocrx_word' id='word_1_207' title='bbox 246 2003 394 2040; x_wconf 84' lang='lat' dir='ltr'><strong>videtur</strong></span> <span class='ocrx_word' id='word_1_208' title='bbox 421 2005 531 2040; x_wconf 87' lang='lat' dir='ltr'><strong>laude</strong></span> <span class='ocrx_word' id='word_1_209' title='bbox 563 2006 842 2041; x_wconf 88' lang='lat' dir='ltr'><strong>commemorari</strong></span> <span class='ocrx_word' id='word_1_210' title='bbox 878 2006 936 2041; x_wconf 88' lang='lat' dir='ltr'><strong>fas</strong></span> <span class='ocrx_word' id='word_1_211' title='bbox 967 2018 1043 2041; x_wconf 88' lang='lat' dir='ltr'><strong>non</strong></span> <span class='ocrx_word' id='word_1_212' title='bbox 1073 2008 1130 2041; x_wconf 82' lang='lat' dir='ltr'><strong>est</strong></span> <span class='ocrx_word' id='word_1_213' title='bbox 1158 2007 1311 2051; x_wconf 77' lang='lat' dir='ltr'><strong>propter</strong></span> <span class='ocrx_word' id='word_1_214' title='bbox 1342 2018 1524 2041; x_wconf 85' lang='lat' dir='ltr'><strong>summam</strong></span> <span class='ocrx_word' id='word_1_215' title='bbox 1561 2018 1656 2051; x_wconf 86' lang='lat' dir='ltr'><strong>quae</strong></span> 
     </span>
     <span class='ocr_line' id='line_1_30' title="bbox 135 2063 1656 2109; baseline 0.001 -10"><span class='ocrx_word' id='word_1_216' title='bbox 135 2063 230 2099; x_wconf 86' lang='lat' dir='ltr'><strong>mihi</strong></span> <span class='ocrx_word' id='word_1_217' title='bbox 253 2075 336 2099; x_wconf 89' lang='lat' dir='ltr'><strong>cum</strong></span> <span class='ocrx_word' id='word_1_218' title='bbox 360 2066 511 2100; x_wconf 76' lang='lat' dir='ltr'><strong>auctore</strong></span> <span class='ocrx_word' id='word_1_219' title='bbox 540 2064 737 2100; x_wconf 85' lang='lat' dir='ltr'><strong>intercedit</strong></span> <span class='ocrx_word' id='word_1_220' title='bbox 766 2064 1071 2100; x_wconf 84' lang='lat' dir='ltr'><strong>familiaritatem.</strong></span> <span class='ocrx_word' id='word_1_221' title='bbox 1121 2064 1194 2100; x_wconf 89' lang='lat' dir='ltr'><strong>Sed</strong></span> <span class='ocrx_word' id='word_1_222' title='bbox 1225 2065 1319 2100; x_wconf 91' lang='lat' dir='ltr'><strong>illud</strong></span> <span class='ocrx_word' id='word_1_223' title='bbox 1351 2077 1425 2100; x_wconf 89' lang='lat' dir='ltr'><strong>non</strong></span> <span class='ocrx_word' id='word_1_224' title='bbox 1455 2065 1656 2109; x_wconf 80' lang='lat' dir='ltr'><strong>dissuadet,</strong></span> 
     </span>
     <span class='ocr_line' id='line_1_31' title="bbox 136 2122 1656 2169; baseline 0.001 -11"><span class='ocrx_word' id='word_1_225' title='bbox 136 2122 203 2158; x_wconf 78' lang='lat' dir='ltr'><strong>sed</strong></span> <span class='ocrx_word' id='word_1_226' title='bbox 232 2123 364 2159; x_wconf 80' lang='lat' dir='ltr'><strong>suadet</strong></span> <span class='ocrx_word' id='word_1_227' title='bbox 392 2122 558 2159; x_wconf 87' lang='lat' dir='ltr'><strong>amicitia</strong></span> <span class='ocrx_word' id='word_1_228' title='bbox 588 2125 630 2158; x_wconf 86' lang='lat' dir='ltr'><strong>ut</strong></span> <span class='ocrx_word' id='word_1_229' title='bbox 659 2123 871 2169; x_wconf 84' lang='lat' dir='ltr'><strong>praedicem</strong></span> <span class='ocrx_word' id='word_1_230' title='bbox 907 2123 946 2158; x_wconf 91' lang='lat' dir='ltr'><strong>in</strong></span> <span class='ocrx_word' id='word_1_231' title='bbox 978 2123 1236 2168; x_wconf 79' lang='lat' dir='ltr'><strong>conquirendis</strong></span> <span class='ocrx_word' id='word_1_232' title='bbox 1266 2123 1319 2159; x_wconf 81' lang='lat' dir='ltr'><strong>eis</strong></span> <span class='ocrx_word' id='word_1_233' title='bbox 1357 2135 1452 2169; x_wconf 86' lang='lat' dir='ltr'><strong>quae</strong></span> <span class='ocrx_word' id='word_1_234' title='bbox 1488 2125 1549 2160; x_wconf 89' lang='lat' dir='ltr'><strong>hic</strong></span> <span class='ocrx_word' id='word_1_235' title='bbox 1579 2125 1656 2159; x_wconf 91' lang='lat' dir='ltr'><strong>illic</strong></span> 
     </span>
     <span class='ocr_line' id='line_1_32' title="bbox 136 2181 1660 2228; baseline 0.001 -12"><span class='ocrx_word' id='word_1_236' title='bbox 136 2181 303 2226; x_wconf 80' lang='lat' dir='ltr'><strong>dispersa</strong></span> <span class='ocrx_word' id='word_1_237' title='bbox 324 2181 493 2217; x_wconf 85' lang='lat' dir='ltr'><strong>homines</strong></span> <span class='ocrx_word' id='word_1_238' title='bbox 517 2182 618 2217; x_wconf 86' lang='lat' dir='ltr'><strong>docti</strong></span> <span class='ocrx_word' id='word_1_239' title='bbox 643 2183 690 2218; x_wconf 91' lang='lat' dir='ltr'><strong>de</strong></span> <span class='ocrx_word' id='word_1_240' title='bbox 714 2182 941 2218; x_wconf 88' lang='lat' dir='ltr'><strong>Truculento</strong></span> <span class='ocrx_word' id='word_1_241' title='bbox 969 2182 1197 2228; x_wconf 80' lang='lat' dir='ltr'><strong>disputarint</strong></span> <span class='ocrx_word' id='word_1_242' title='bbox 1221 2182 1465 2219; x_wconf 75' lang='lat' dir='ltr'><strong>adiutabilem</strong></span> <span class='ocrx_word' id='word_1_243' title='bbox 1488 2183 1595 2218; x_wconf 89' lang='lat' dir='ltr'><strong>illum</strong></span> <span class='ocrx_word' id='word_1_244' title='bbox 1621 2185 1660 2218; x_wconf 88' lang='lat' dir='ltr'><strong>et</strong></span> 
     </span>
     <span class='ocr_line' id='line_1_33' title="bbox 137 2240 962 2286; baseline 0.002 -11"><span class='ocrx_word' id='word_1_245' title='bbox 137 2250 223 2275; x_wconf 84' lang='lat' dir='ltr'><strong>vere</strong></span> <span class='ocrx_word' id='word_1_246' title='bbox 247 2240 407 2275; x_wconf 85' lang='lat' dir='ltr'><strong>amicam</strong></span> <span class='ocrx_word' id='word_1_247' title='bbox 430 2240 526 2276; x_wconf 87' lang='lat' dir='ltr'><strong>mihi</strong></span> <span class='ocrx_word' id='word_1_248' title='bbox 549 2251 699 2286; x_wconf 85' lang='lat' dir='ltr'><strong>operam</strong></span> <span class='ocrx_word' id='word_1_249' title='bbox 724 2241 962 2286; x_wconf 78' lang='lat' dir='ltr'><strong>praestitisse.</strong></span> 
     </span>
    </p>

    <p class='ocr_par' dir='ltr' id='par_1_14' title="bbox 137 2298 1656 2404">
     <span class='ocr_line' id='line_1_34' title="bbox 232 2298 1656 2346; baseline 0.002 -13"><span class='ocrx_word' id='word_1_250' title='bbox 232 2300 292 2343; x_wconf 80' lang='lat'><strong>30)</strong></span> <span class='ocrx_word' id='word_1_251' title='bbox 315 2298 371 2334; x_wconf 90' lang='lat' dir='ltr'><strong>De</strong></span> <span class='ocrx_word' id='word_1_252' title='bbox 395 2299 770 2334; x_wconf 73' lang='lat' dir='ltr'><strong>contaminationibus</strong></span> <span class='ocrx_word' id='word_1_253' title='bbox 793 2299 833 2334; x_wconf 89' lang='lat' dir='ltr'><strong>in</strong></span> <span class='ocrx_word' id='word_1_254' title='bbox 856 2300 1069 2336; x_wconf 86' lang='lat' dir='ltr'><strong>universum</strong></span> <span class='ocrx_word' id='word_1_255' title='bbox 1092 2300 1248 2345; x_wconf 87' lang='lat' dir='ltr'><strong>probare</strong></span> <span class='ocrx_word' id='word_1_256' title='bbox 1274 2311 1333 2335; x_wconf 91' lang='lat' dir='ltr'><strong>me</strong></span> <span class='ocrx_word' id='word_1_257' title='bbox 1356 2301 1533 2336; x_wconf 88' lang='lat' dir='ltr'><strong>confiteor</strong></span> <span class='ocrx_word' id='word_1_258' title='bbox 1557 2301 1656 2346; x_wconf 86' lang='lat' dir='ltr'><strong>quod</strong></span> 
     </span>
     <span class='ocr_line' id='line_1_35' title="bbox 137 2357 1131 2404; baseline 0.002 -12"><span class='ocrx_word' id='word_1_259' title='bbox 137 2358 182 2392; x_wconf 86' lang='lat' dir='ltr'><strong>A.</strong></span> <span class='ocrx_word' id='word_1_260' title='bbox 203 2357 423 2404; x_wconf 85' lang='lat' dir='ltr'><strong>Spengelius</strong></span> <span class='ocrx_word' id='word_1_261' title='bbox 447 2357 543 2392; x_wconf 87' lang='lat' dir='ltr'><strong>dixit</strong></span> <span class='ocrx_word' id='word_1_262' title='bbox 566 2358 645 2393; x_wconf 75' lang='lat' dir='ltr'><strong>Eos</strong></span> <span class='ocrx_word' id='word_1_263' title='bbox 668 2359 695 2393; x_wconf 92' lang='lat' dir='ltr'><strong>t.</strong></span> <span class='ocrx_word' id='word_1_264' title='bbox 721 2358 757 2392; x_wconf 92' lang='grc' dir='ltr'>Π</span> <span class='ocrx_word' id='word_1_265' title='bbox 782 2359 829 2402; x_wconf 84' lang='lat' dir='ltr'><strong>(a.</strong></span> <span class='ocrx_word' id='word_1_266' title='bbox 857 2360 963 2404; x_wconf 87' lang='grc'>1866)</span> <span class='ocrx_word' id='word_1_267' title='bbox 988 2371 1024 2404; x_wconf 92' lang='lat' dir='ltr'><strong>p.</strong></span> <span class='ocrx_word' id='word_1_268' title='bbox 1052 2363 1131 2394; x_wconf 89' lang='lat'><strong>113.</strong></span> 
     </span>
    </p>

    <p class='ocr_par' dir='ltr' id='par_1_15' title="bbox 137 2416 1660 2872">
     <span class='ocr_line' id='line_1_36' title="bbox 232 2416 1658 2464; baseline 0.001 -13"><span class='ocrx_word' id='word_1_269' title='bbox 232 2418 292 2462; x_wconf 83' lang='lat'><strong>31)</strong></span> <span class='ocrx_word' id='word_1_270' title='bbox 316 2416 343 2451; x_wconf 90' lang='lat'><strong>1.</strong></span> <span class='ocrx_word' id='word_1_271' title='bbox 363 2428 390 2451; x_wconf 84' lang='lat' dir='ltr'><strong>s.</strong></span> <span class='ocrx_word' id='word_1_272' title='bbox 410 2429 436 2452; x_wconf 85' lang='lat' dir='ltr'><strong>s.</strong></span> <span class='ocrx_word' id='word_1_273' title='bbox 457 2428 493 2462; x_wconf 90' lang='lat' dir='ltr'><strong>p.</strong></span> <span class='ocrx_word' id='word_1_274' title='bbox 515 2421 599 2452; x_wconf 84' lang='lat'>141:</span> <span class='ocrx_word' id='word_1_275' title='bbox 628 2417 781 2460; x_wconf 79' lang='lat' dir='ltr'><strong>‘Wenn,</strong></span> <span class='ocrx_word' id='word_1_276' title='bbox 804 2418 872 2452; x_wconf 82' lang='lat' dir='ltr'><strong>wie</strong></span> <span class='ocrx_word' id='word_1_277' title='bbox 897 2417 1020 2452; x_wconf 82' lang='lat' dir='ltr'><strong>Cicero</strong></span> <span class='ocrx_word' id='word_1_278' title='bbox 1046 2418 1224 2460; x_wconf 72' lang='lat' dir='ltr'><strong>ben&#39;chtet,</strong></span> <span class='ocrx_word' id='word_1_279' title='bbox 1253 2417 1420 2454; x_wconf 80' lang='lat' dir='ltr'><strong>Plautus</strong></span> <span class='ocrx_word' id='word_1_280' title='bbox 1442 2419 1574 2464; x_wconf 75' lang='lat' dir='ltr'><strong>yerade</strong></span> <span class='ocrx_word' id='word_1_281' title='bbox 1599 2429 1658 2452; x_wconf 89' lang='lat' dir='ltr'><strong>am</strong></span> 
     </span>
     <span class='ocr_line' id='line_1_37' title="bbox 142 2473 1660 2520; baseline 0.001 -11"><span class='ocrx_word' id='word_1_282' title='bbox 142 2473 385 2510; x_wconf 62' lang='lat' dir='ltr'><strong>Tmo-valemus</strong></span> <span class='ocrx_word' id='word_1_283' title='bbox 421 2475 626 2510; x_wconf 75' lang='lat' dir='ltr'><strong>besonderes</strong></span> <span class='ocrx_word' id='word_1_284' title='bbox 658 2475 919 2520; x_wconf 68' lang='lat' dir='ltr'><strong>H&#39;ohlqefallen</strong></span> <span class='ocrx_word' id='word_1_285' title='bbox 954 2476 1066 2519; x_wconf 72' lang='lat' dir='ltr'><strong>saud,</strong></span> <span class='ocrx_word' id='word_1_286' title='bbox 1102 2487 1142 2511; x_wconf 78' lang='lat' dir='ltr'><strong>so</strong></span> <span class='ocrx_word' id='word_1_287' title='bbox 1179 2477 1314 2511; x_wconf 75' lang='lat' dir='ltr'><strong>erklc&#39;irt</strong></span> <span class='ocrx_word' id='word_1_288' title='bbox 1346 2478 1422 2512; x_wconf 82' lang='lat' dir='ltr'><strong>sich</strong></span> <span class='ocrx_word' id='word_1_289' title='bbox 1457 2477 1534 2511; x_wconf 82' lang='lat' dir='ltr'><strong>dies</strong></span> <span class='ocrx_word' id='word_1_290' title='bbox 1566 2476 1660 2511; x_wconf 77' lang='lat' dir='ltr'><strong>wohl</strong></span> 
     </span>
     <span class='ocr_line' id='line_1_38' title="bbox 137 2533 1659 2580; baseline 0 -12"><span class='ocrx_word' id='word_1_291' title='bbox 137 2533 410 2578; x_wconf 66' lang='lat' dir='ltr'><strong>hauptsachlich</strong></span> <span class='ocrx_word' id='word_1_292' title='bbox 434 2534 585 2576; x_wconf 79' lang='lat' dir='ltr'><strong>claraus,</strong></span> <span class='ocrx_word' id='word_1_293' title='bbox 609 2534 694 2569; x_wconf 72' lang='lat' dir='ltr'><strong>dass</strong></span> <span class='ocrx_word' id='word_1_294' title='bbox 718 2535 786 2569; x_wconf 80' lang='lat' dir='ltr'><strong>das</strong></span> <span class='ocrx_word' id='word_1_295' title='bbox 810 2534 922 2569; x_wconf 66' lang='lat' dir='ltr'><strong>Stack</strong></span> <span class='ocrx_word' id='word_1_296' title='bbox 946 2535 1024 2570; x_wconf 75' lang='lat' dir='ltr'><strong>eine</strong></span> <span class='ocrx_word' id='word_1_297' title='bbox 1047 2535 1124 2578; x_wconf 77' lang='lat' dir='ltr'><strong>fast</strong></span> <span class='ocrx_word' id='word_1_298' title='bbox 1146 2546 1241 2580; x_wconf 73' lang='lat' dir='ltr'><strong>yanz</strong></span> <span class='ocrx_word' id='word_1_299' title='bbox 1265 2536 1505 2580; x_wconf 70' lang='lat' dir='ltr'><strong>selbstandiye</strong></span> <span class='ocrx_word' id='word_1_300' title='bbox 1530 2535 1659 2570; x_wconf 78' lang='lat' dir='ltr'><strong>Arbeit</strong></span> 
     </span>
     <span class='ocr_line' id='line_1_39' title="bbox 138 2591 1657 2636; baseline 0.001 -10"><span class='ocrx_word' id='word_1_301' title='bbox 138 2591 200 2626; x_wconf 74' lang='lat' dir='ltr'><strong>des</strong></span> <span class='ocrx_word' id='word_1_302' title='bbox 223 2591 392 2627; x_wconf 67' lang='lat' dir='ltr'><strong>Dichter-‘3</strong></span> <span class='ocrx_word' id='word_1_303' title='bbox 415 2593 492 2627; x_wconf 80' lang='lat' dir='ltr'><strong>sein</strong></span> <span class='ocrx_word' id='word_1_304' title='bbox 517 2592 626 2636; x_wconf 84' lang='lat' dir='ltr'><strong>wird,</strong></span> <span class='ocrx_word' id='word_1_305' title='bbox 660 2593 824 2636; x_wconf 81' lang='lat' dir='ltr'><strong>offenbar</strong></span> <span class='ocrx_word' id='word_1_306' title='bbox 853 2593 944 2628; x_wconf 77' lang='lat' dir='ltr'><strong>noch</strong></span> <span class='ocrx_word' id='word_1_307' title='bbox 975 2594 1015 2627; x_wconf 80' lang='lat' dir='ltr'><strong>in</strong></span> <span class='ocrx_word' id='word_1_308' title='bbox 1040 2593 1201 2629; x_wconf 67' lang='lat' dir='ltr'><strong>hoherem</strong></span> <span class='ocrx_word' id='word_1_309' title='bbox 1226 2593 1349 2628; x_wconf 79' lang='lat' dir='ltr'><strong>Grade</strong></span> <span class='ocrx_word' id='word_1_310' title='bbox 1373 2594 1429 2628; x_wconf 79' lang='lat' dir='ltr'><strong>als</strong></span> <span class='ocrx_word' id='word_1_311' title='bbox 1453 2594 1518 2628; x_wconf 82' lang='lat' dir='ltr'><strong>der</strong></span> <span class='ocrx_word' id='word_1_312' title='bbox 1544 2593 1657 2628; x_wconf 84' lang='lat' dir='ltr'><strong>Pseu-</strong></span> 
     </span>
     <span class='ocr_line' id='line_1_40' title="bbox 139 2649 1659 2697; baseline 0.002 -13"><span class='ocrx_word' id='word_1_313' title='bbox 139 2649 254 2684; x_wconf 71' lang='lat' dir='ltr'><strong>dolus.</strong></span> <span class='ocrx_word' id='word_1_314' title='bbox 302 2650 460 2685; x_wconf 74' lang='lat' dir='ltr'><strong>Beuutzt</strong></span> <span class='ocrx_word' id='word_1_315' title='bbox 488 2651 538 2685; x_wconf 74' lang='lat' dir='ltr'><strong>ist</strong></span> <span class='ocrx_word' id='word_1_316' title='bbox 566 2651 752 2686; x_wconf 65' lang='lat' dir='ltr'><strong>mta&#39;rlich</strong></span> <span class='ocrx_word' id='word_1_317' title='bbox 782 2652 875 2686; x_wconf 77' lang='lat' dir='ltr'><strong>auch</strong></span> <span class='ocrx_word' id='word_1_318' title='bbox 904 2652 982 2686; x_wconf 79' lang='lat' dir='ltr'><strong>hier</strong></span> <span class='ocrx_word' id='word_1_319' title='bbox 1006 2652 1065 2686; x_wconf 77' lang='lat' dir='ltr'><strong>ein</strong></span> <span class='ocrx_word' id='word_1_320' title='bbox 1087 2653 1320 2696; x_wconf 65' lang='lat' dir='ltr'><strong>griechisches</strong></span> <span class='ocrx_word' id='word_1_321' title='bbox 1344 2652 1546 2696; x_wconf 69' lang='lat' dir='ltr'><strong>Lustspid,</strong></span> <span class='ocrx_word' id='word_1_322' title='bbox 1579 2652 1659 2697; x_wconf 72' lang='lat' dir='ltr'><strong>mul</strong></span> 
     </span>
     <span class='ocr_line' id='line_1_41' title="bbox 140 2709 1659 2754; baseline 0.001 -11"><span class='ocrx_word' id='word_1_323' title='bbox 140 2718 238 2743; x_wconf 71' lang='lat' dir='ltr'><strong>noar</strong></span> <span class='ocrx_word' id='word_1_324' title='bbox 269 2709 362 2743; x_wconf 83' lang='lat' dir='ltr'><strong>wohl</strong></span> <span class='ocrx_word' id='word_1_325' title='bbox 393 2710 524 2754; x_wconf 79' lang='lat' dir='ltr'><strong>yerade</strong></span> <span class='ocrx_word' id='word_1_326' title='bbox 556 2719 595 2744; x_wconf 88' lang='lat' dir='ltr'><strong>so</strong></span> <span class='ocrx_word' id='word_1_327' title='bbox 627 2710 694 2744; x_wconf 84' lang='lat' dir='ltr'><strong>wie</strong></span> <span class='ocrx_word' id='word_1_328' title='bbox 726 2710 776 2744; x_wconf 82' lang='lat' dir='ltr'><strong>im</strong></span> <span class='ocrx_word' id='word_1_329' title='bbox 803 2710 1005 2746; x_wconf 75' lang='lat' dir='ltr'><strong>Pseudolus</strong></span> <span class='ocrx_word' id='word_1_330' title='bbox 1038 2712 1098 2746; x_wconf 82' lang='lat' dir='ltr'><strong>ein</strong></span> <span class='ocrx_word' id='word_1_331' title='bbox 1123 2711 1268 2746; x_wconf 81' lang='lat' dir='ltr'><strong>Drama</strong></span> <span class='ocrx_word' id='word_1_332' title='bbox 1292 2711 1357 2745; x_wconf 77' lang='lat' dir='ltr'><strong>der</strong></span> <span class='ocrx_word' id='word_1_333' title='bbox 1380 2711 1559 2745; x_wconf 78' lang='lat' dir='ltr'><strong>mittleren</strong></span> <span class='ocrx_word' id='word_1_334' title='bbox 1583 2710 1659 2745; x_wconf 89' lang='lat' dir='ltr'><strong>Ko-</strong></span> 
     </span>
     <span class='ocr_line' id='line_1_42' title="bbox 139 2768 1657 2814; baseline 0.001 -12"><span class='ocrx_word' id='word_1_335' title='bbox 139 2768 290 2810; x_wconf 71' lang='lat' dir='ltr'><strong>moedie,</strong></span> <span class='ocrx_word' id='word_1_336' title='bbox 325 2778 401 2803; x_wconf 70' lang='lat' dir='ltr'><strong>was</strong></span> <span class='ocrx_word' id='word_1_337' title='bbox 435 2768 544 2803; x_wconf 80' lang='lat' dir='ltr'><strong>sehon</strong></span> <span class='ocrx_word' id='word_1_338' title='bbox 580 2768 665 2803; x_wconf 74' lang='lat' dir='ltr'><strong>eben</strong></span> <span class='ocrx_word' id='word_1_339' title='bbox 700 2769 845 2803; x_wconf 81' lang='lat' dir='ltr'><strong>deshalb</strong></span> <span class='ocrx_word' id='word_1_340' title='bbox 875 2780 950 2803; x_wconf 77' lang='lat' dir='ltr'><strong>nur</strong></span> <span class='ocrx_word' id='word_1_341' title='bbox 979 2770 1057 2804; x_wconf 82' lang='lat' dir='ltr'><strong>eine</strong></span> <span class='ocrx_word' id='word_1_342' title='bbox 1086 2770 1167 2804; x_wconf 83' lang='lat' dir='ltr'><strong>sehr</strong></span> <span class='ocrx_word' id='word_1_343' title='bbox 1195 2769 1286 2812; x_wconf 78' lang='lat' dir='ltr'><strong>freie</strong></span> <span class='ocrx_word' id='word_1_344' title='bbox 1315 2769 1566 2814; x_wconf 73' lang='lat' dir='ltr'><strong>Bearbeitunq</strong></span> <span class='ocrx_word' id='word_1_345' title='bbox 1600 2780 1657 2814; x_wconf 78' lang='lat' dir='ltr'><strong>ye—</strong></span> 
     </span>
     <span class='ocr_line' id='line_1_43' title="bbox 140 2826 1386 2872; baseline 0.001 -12"><span class='ocrx_word' id='word_1_346' title='bbox 140 2826 307 2861; x_wconf 77' lang='lat' dir='ltr'><strong>stattele’.</strong></span> <span class='ocrx_word' id='word_1_347' title='bbox 351 2826 405 2861; x_wconf 86' lang='lat' dir='ltr'><strong>Cf.</strong></span> <span class='ocrx_word' id='word_1_348' title='bbox 431 2826 523 2861; x_wconf 84' lang='lat' dir='ltr'><strong>Mus.</strong></span> <span class='ocrx_word' id='word_1_349' title='bbox 550 2826 665 2862; x_wconf 82' lang='lat' dir='ltr'><strong>Rhen.</strong></span> <span class='ocrx_word' id='word_1_350' title='bbox 692 2827 718 2861; x_wconf 91' lang='lat' dir='ltr'><strong>t.</strong></span> <span class='ocrx_word' id='word_1_351' title='bbox 744 2826 812 2861; x_wconf 83' lang='lat' dir='ltr'><strong>XX</strong></span> <span class='ocrx_word' id='word_1_352' title='bbox 838 2828 885 2871; x_wconf 88' lang='lat' dir='ltr'><strong>(a.</strong></span> <span class='ocrx_word' id='word_1_353' title='bbox 913 2830 1018 2871; x_wconf 82' lang='lat'>1865)</span> <span class='ocrx_word' id='word_1_354' title='bbox 1042 2840 1077 2872; x_wconf 91' lang='lat' dir='ltr'><strong>p.</strong></span> <span class='ocrx_word' id='word_1_355' title='bbox 1104 2831 1184 2871; x_wconf 75' lang='lat'>290,</span> <span class='ocrx_word' id='word_1_356' title='bbox 1209 2827 1303 2862; x_wconf 85' lang='lat' dir='ltr'><strong>thes.</strong></span> <span class='ocrx_word' id='word_1_357' title='bbox 1329 2830 1386 2862; x_wconf 82' lang='lat'><strong>48.</strong></span> 
     </span>
    </p>
   </div>
  </div>
 </body>
</html>
