1904 3106
703 123 992 165 „75—

89 230 130 275 D
158 228 219 274 'et
262 230 491 274 secundam
535 245 707 272 manum
751 229 788 271 B
832 229 992 271 codicis
1042 228 1301 271 intercedere
1346 230 1613 282 compertum

6 309 9 311 ’
87 290 300 345 ιᾔειὶκθιιιιιε
315 299 360 357 ⁷).
422 299 535 343 Nam
580 300 640 343 ibi
687 315 855 356 quoque
900 300 1032 342 verba
1075 298 1317 354 ‘postremo
1362 298 1464 340 illuc
1502 297 1615 353 quod

94 373 288 416 volumus
329 372 512 427 eveniet,
556 370 859 428 gaudebimus’
895 371 943 413 in
974 370 1167 426 maxgine
1199 370 1235 412 B
1270 370 1470 424 suppleta
1503 373 1615 420 sunt,

92 458 190 486 cum
218 444 264 486 in
292 441 321 484 J
352 443 526 486 omnino
558 442 711 485 desint.

212 538 480 594 Quamquam
524 552 620 580 cum
656 538 697 580 D
734 553 903 594 quoque
934 538 961 580 J
1001 537 1190 581 codicem
1234 535 1459 579 convenire
1503 535 1617 576 haud

95 610 160 652 ita
187 623 286 652 raro
317 609 536 652 observari
568 609 679 651 licet.
739 608 952 664 Exempla
982 610 1084 650 sunt
1115 608 1235 650 velut
1254 606 1412 649 ‘AuluL
1442 605 1463 647 I
1499 607 1534 660 l,
1564 606 1617 648 16

98 679 173 722 ubi
203 679 309 722 haec
338 679 472 722 habes
503 680 550 721 in
580 679 635 721 B:

306 774 503 817 Abscede
533 774 664 816 etiam
694 789 820 816 nunc.
851 774 981 816 etiam
1013 773 1094 816 ohe

98 870 237 920 Quam
268 869 465 912 lacunam
497 869 559 911 ita
591 869 764 924 supplet
792 869 839 912 J:

310 963 505 1006 Abscede
536 967 579 1006 et
609 963 696 1006 iam
726 979 839 1006 nunc
871 967 915 1006 et
945 964 1031 1006 iam
1063 979 1175 1006 nunc
1209 967 1252 1006 et
1283 965 1368 1006 iam
1401 963 1483 1006 ohe

98 1058 203 1101 Fere
239 1059 353 1101 idem
392 1062 457 1101 est
497 1059 541 1100 in
572 1057 623 1101 D.
686 1059 829 1102 Aulul.
859 1059 880 1101 Ι
916 1061 957 1114 1,
989 1060 1034 1102 5:
1077 1074 1160 1113 qua
1190 1074 1253 1101 me
1283 1074 1392 1101 mem:
1428 1058 1496 1100 DJ
1506 1073 1517 1111 ς
1562 1071 1625 1099 me

97 1144 180 1184 qua
210 1130 247 1172 B
278 1130 439 1173 omissa
470 1130 623 1172 vocula
652 1144 773 1173 nunc.
823 1130 865 1172 Π
885 1132 925 1186 4,
944 1131 1000 1173 38
1023 1130 1309 1185 plorabundus
1340 1129 1427 1183 DJ3
1451 1129 1622 1183 ploran-

61 1213 67 1220 ·
97 1201 176 1243 dus
204 1201 253 1243 Β.
314 1199 479 1250 Quibus
521 1201 733 1256 exemplis,
767 1201 804 1243 si
845 1216 1000 1257 operae
1037 1202 1226 1257 pretium
1258 1200 1476 1243 videbitur
1505 1201 1623 1242 nullo

99 1271 277 1326 negotio
303 1285 355 1313 ex
380 1271 476 1326 ipsa
495 1272 722 1314 Aulularia
746 1275 790 1314 et
817 1288 868 1314 ex
893 1272 990 1315 aliis
1015 1273 1176 1316 fabulis
1204 1273 1301 1315 addi
1322 1275 1506 1327 possunt
1525 1271 1625 1313 alia.

217 1365 280 1408 Ut
309 1368 452 1408 autem
483 1366 552 1408 his
583 1367 691 1408 locis
715 1367 744 1409 J
774 1367 998 1409 meliorem
1030 1369 1287 1423 scripturam
1318 1366 1521 1409 exhibere
1553 1365 1624 1407 ad-

102 1436 211 1479 scito
243 1435 283 1478 D
314 1437 458 1479 codice
488 1438 714 1492 probatur,
757 1439 819 1480 ita
850 1438 963 1480 idem
995 1439 1087 1481 fieri
1118 1453 1244 1494 posse
1283 1439 1326 1480 in
1364 1438 1425 1480 eis
1458 1451 1625 1492 quoque

102 1507 281 1562 fabulis,
319 1523 427 1563 quae
464 1509 508 1550 in
540 1507 580 1550 D
611 1523 699 1551 non
736 1512 908 1551 exstant
946 1510 1042 1564 quis
1078 1509 1330 1566 negaverit?
1392 1508 1515 1551 Unde
1554 1523 1626 1563 ap-

102 1580 226 1633 paret
255 1578 301 1620 in
330 1577 398 1620 his
430 1579 582 1620 saltem
608 1578 637 1620 J
664 1594 750 1622 non
782 1580 919 1635 magis
951 1595 1002 1622 ex
1034 1582 1246 1635 apparatu
1278 1580 1425 1622 critico
1458 1578 1626 1622 excludi

103 1662 231 1703 posse
269 1663 397 1704 quam
435 1649 474 1691 D
506 1650 550 1691 in
581 1650 690 1692 aliis.
756 1649 991 1693 Commode
1023 1665 1124 1693 vero
1158 1650 1314 1693 accidit
1343 1653 1389 1692 ut
1422 1665 1472 1692 ex
1504 1653 1626 1706 parte

104 1718 172 1760 vel
191 1718 467 1763 Ambrosiani
498 1721 748 1763 testimonio
779 1722 846 1764 usi
878 1722 1179 1764 auctoritatem
1209 1721 1337 1763 huius
1369 1721 1527 1764 codicis
1559 1722 1627 1763 fir-

105 1804 222 1832 mare
246 1791 474 1845 possimus.
516 1791 665 1834 Placet
690 1807 740 1834 ex
760 1792 941 1847 Epidico
967 1793 1175 1835 nonnulla
1201 1792 1398 1847 exempla
1423 1792 1628 1835 subicere.

223 1873 287 1916 III
318 1874 360 1929 4,
390 1874 447 1917 35
478 1874 514 1915 B
546 1874 738 1917 exhibet:

318 1968 454 2011 Estne
486 1972 632 2023 empta
662 1969 745 2011 tibi
775 1967 882 2011 haec
913 1970 1009 2012 istis
1042 1970 1242 2026 legibus?
1274 1986 1308 2013 e.
1341 1986 1380 2026 q.
1412 1987 1443 2013 s.

108 2063 241 2106 Recte
264 2064 293 2106 J
318 2063 421 2106 mihi
450 2078 528 2118 pro
561 2063 634 2105 tibi
664 2062 851 2118 exhibet,
882 2063 995 2118 quod
1026 2063 1137 2106 idem
1165 2067 1231 2106 est
1255 2065 1301 2107 in
1327 2066 1629 2120 Ambrosiam,

108 2134 191 2176 nisi
222 2133 336 2189 quod
366 2134 517 2176 vocula
547 2133 643 2176 haec
673 2135 834 2176 omissa
866 2138 943 2176 est.

226 2216 292 2259 III
311 2219 350 2271 4,
370 2218 422 2260 51
444 2216 500 2260 B:
530 2231 665 2259 meum
690 2222 822 2272 ynam
856 2220 939 2272 ipse
968 2219 1074 2262 hanc
1097 2221 1268 2273 tidie-imi
1292 2221 1389 2262 emit
1407 2254 1623 2263 ........

111 2289 345 2341 ᾒῶσὶηανω
388 2288 434 2328 in
465 2287 493 2330 J
525 2288 644 2330 deest
674 2290 772 2330 emit
801 2291 843 2331 et
872 2290 1026 2331 lacuna
1058 2293 1123 2332 est
1154 2293 1253 2345 post
1283 2290 1398 2333 hane.
1448 2291 1484 2333 B
1516 2291 1628 2348 glos—

113 2361 273 2401 semate
302 2360 582 2413 depravatum
614 2374 707 2401 esse
738 2359 863 2403 docet
895 2361 949 2402 A:

310 2453 464 2496 -Meum
495 2456 688 2510 gustum.
748 2455 791 2496 Is
823 2455 915 2510 ipse
946 2455 1056 2498 hanc
1086 2457 1304 2499 destinavit
1333 2456 1567 2500 fidicinam.

230 2548 271 2590 V
303 2549 342 2602 2,
372 2549 399 2589 9
431 2549 474 2590 in
506 2548 541 2590 B
572 2548 654 2592 hoc
685 2554 768 2593 est:

325 2642 503 2698 Quaqua
545 2644 703 2699 tangit,
746 2659 873 2687 omne
916 2646 1117 2688 amburit.
1192 2647 1228 2688 si
1272 2646 1448 2701 propius
1467 2616 1473 2621 Α
1494 2647 1632 2688 astest

958 2716 1155 2759 calefacit

208 2852 242 2895 7)
267 2850 320 2888 cf.
347 2852 577 2889 Fleckeiseni
602 2853 695 2890 Nov.
721 2854 843 2891 annal.
870 2855 941 2890 vol.
972 2859 1036 2892 113
1063 2858 1110 2900 (a.
1138 2857 1244 2901 1876)
1269 2867 1304 2901 p.
1331 2859 1399 2891 352
1419 2867 1472 2903 oq.
