1904 3106
921 95 1236 139 —156—

310 205 440 248 dubio
480 208 731 260 corruptum
769 206 834 246 est
873 204 928 247 ob
965 203 1293 246 similitudinem
1331 203 1471 246 exitus
1515 202 1636 246 tertii
1677 217 1838 246 versus.

310 276 503 319 Secundo
536 276 766 319 collocatio
798 277 1028 326 verborum
1059 274 1296 317 TUTEEA
1328 272 1611 331 (Ritschelius
1643 278 1687 317 tu
1711 288 1759 317 ea
1784 273 1838 331 te)

309 363 335 391 a
365 348 581 390 Palatinis
613 362 701 389 non
727 347 952 403 discrepat,
985 345 1211 389 OAUSSA
1237 348 1381 388 autem
1407 344 1692 402 ὀρθογραφία
1716 361 1838 402 prae-

309 421 408 461 stat.
458 418 605 461 Tertio
638 418 820 473 denique
845 418 881 460 B
909 418 1065 460 codicis
1097 418 1286 471 defrudes
1317 419 1361 459 et
1385 417 1652 460 drachumam
1684 417 1838 472 palim-

307 492 478 545 psestus
503 489 805 532 usitatioribus
831 489 983 531 formis
1011 487 1279 543 obscuravit,
1305 501 1543 543 congruens
1569 491 1716 531 tamen
1741 503 1838 531 cum

307 562 384 604 illo
418 562 463 603 in
494 562 734 604 drachmam
766 560 1019 603 accusativo.
1080 559 1234 615 Itaque
1265 573 1354 601 non
1384 560 1489 614 puto
1521 559 1763 616 dissenties&
1799 561 1838 604 si

309 633 370 675 sic
402 647 475 676 eos
507 648 656 676 versus
690 633 922 688 scripsero:

520 716 591 758 An
622 719 670 758 tu
701 719 744 758 te
777 731 827 758 ea
859 729 1012 757 caussa
1043 712 1110 757 ui's
1145 714 1284 757 sciens
1316 714 1586 771 suspendere,

521 787 582 830 Ut
614 789 683 829 me
713 787 924 840 destudes,
953 786 1237 829 'drachumam
1270 786 1307 828 si
1338 785 1529 829 dederim
1560 787 1670 830 tibi?

307 871 504 926 Leviora,
535 874 584 913 ut
615 870 716 926 dixi,
747 870 1054 925 palimpsestus
1088 870 1285 925 corrigit:
1319 870 1523 925 graviora
1551 873 1728 914 restant.
1775 872 1838 916 Ut

306 943 420 985 enim
453 943 627 985 mittam
659 941 774 997 quod
805 942 898 995 quis
928 941 1198 983 drachumam
1227 942 1378 993 reddet,
1417 943 1456 984 si
1485 942 1627 985 dedero
1658 943 1762 986 tibi?
1794 947 1838 987 et

303 1015 574 1058 drachumam
604 1014 643 1056 si
673 1014 851 1056 dederim
882 1013 956 1055 tibi
987 1013 1111 1068 quasi
1142 1028 1226 1055 uno
1254 1013 1342 1055 oris
1367 1013 1474 1056 flatu
1498 1013 1670 1069 prolata
1693 1013 1835 1058 minus

305 1087 435 1130 etiam
487 1088 588 1128 sunt
644 1085 892 1128 tolerabilia
941 1085 996 1127 ob
1048 1084 1343 1127 accusativum
1385 1085 1453 1128 bis
1502 1085 1712 1141 positum,
1762 1086 1836 1142 qui

306 1172 466 1213 quaeso
500 1158 685 1200 alteruin
711 1157 981 1199 enuntiatum
1013 1156 1242 1199 eiusdem
1273 1171 1487 1211 prorsus
1519 1171 1627 1200 cum
1658 1157 1834 1213 priore

305 1229 598 1272 sententiae
631 1229 684 1271 ab
716 1243 774 1271 an
805 1228 957 1271 vocula
988 1227 1176 1283 incipere
1208 1227 1383 1283 potest?
1423 1227 1576 1284 Itaque
1607 1229 1835 1284 utrumque

305 1303 422 1342 stare
447 1315 536 1342 non
561 1302 722 1355 potest:
750 1300 971 1356 quaeritur
995 1301 1142 1341 utrum
1168 1299 1225 1340 sit
1250 1298 1511 1342 Plautinum.
1555 1299 1698 1355 Atque
1715 1298 1836 1342 Mad-

304 1371 422 1426 vigio
456 1371 628 1426 quidem
660 1386 697 1414 v.
726 1371 780 1413 91
816 1371 1069 1414 subditicius
1101 1370 1219 1412 visus
1253 1373 1335 1426 est,
1367 1384 1449 1426 ego
1481 1372 1632 1413 contra
1662 1370 1766 1426 quin
1795 1385 1835 1413 v.

305 1443 375 1484 92.
407 1442 463 1484 93
497 1442 588 1484 eius
621 1443 694 1498 qui
726 1442 945 1498 praecedit
977 1443 1194 1498 glossema
1226 1441 1313 1483 sint
1342 1441 1485 1484 nullus
1516 1441 1680 1485 dubito.
1725 1441 1836 1484 Nus-

305 1529 435 1569 quam
467 1516 611 1556 autem
642 1514 813 1569 planius
843 1514 1202 1569 interpolatorum
1230 1513 1458 1556 conamina
1477 1513 1623 1569 detegi
1640 1515 1835 1569 possunt.

305 1585 401 1628 Uno
434 1600 562 1628 versu
582 1584 808 1628 Calidorus
841 1585 958 1640 dicit,
990 1584 1101 1627 mori
1133 1599 1178 1627 se
1204 1585 1314 1634 velle
1341 1600 1437 1627 cum
1462 1585 1607 1627 vivere
1631 1587 1836 1640 nequeat:

306 1671 390 1698 uno
423 1657 654 1711 respondet
684 1656 923 1699 Pseudulus
955 1657 1047 1710 quis
1077 1657 1136 1698 mi
1167 1657 1296 1711 igitur
1325 1642 1596 1699 drachumam
1619 1657 1766 1712 reddet,
1795 1657 1835 1700 si

305 1728 448 1770 dedero
475 1728 593 1783 tibi?,
625 1730 673 1769 ut
699 1727 888 1769 breviter
913 1727 974 1769 ita
1000 1727 1053 1770 ad
1078 1728 1352 1782 properantis
1379 1727 1542 1782 dialogi
1565 1727 1836 1782 lepiditatem

305 1799 548 1854 aptissime3
582 1798 775 1853 pluribus
809 1799 1026 1840 enarravit
1058 1798 1294 1840 scholiasta
1326 1797 1405 1840 sic:
1448 1811 1506 1840 an
1536 1801 1582 1840 bu
1610 1812 1659 1841 ea
1689 1811 1836 1841 caussa

305 1875 340 1914 te
370 1871 610 1925 suspendere
640 1871 712 1925 vis,
742 1873 789 1911 ut
818 1883 880 1911 me
910 1869 1110 1924 defmdes,
1140 1869 1178 1911 si
1209 1868 1476 1911 drachumam
1507 1869 1582 1911 tibi
1604 1869 1833 1925 dederim?;

305 1945 353 1985 ut
384 1957 531 1985 versus
565 1942 750 1985 evadant
781 1944 919 1996 sciens,
952 1941 1064 1997 quod
1089 1940 1198 1983 nihil
1225 1943 1292 1982 est
1316 1940 1402 1982 nisi
1427 1939 1614 1983 ‘assutus
1638 1940 1834 1996 pmmus',

306 2013 473 2057 addidit
502 2014 648 2056 nescio
680 2014 754 2069 qui
787 2014 823 2055 si
855 2013 920 2055 dis
951 2012 1095 2067 placet
1126 2014 1266 2067 poeta.

424 2085 476 2128 V.
496 2085 550 2127 97
586 2083 816 2140 OUINEC,
848 2099 885 2126 v.
908 2084 992 2126 100
1025 2081 1337 2138 DRAOKMIS‚
1369 2098 1406 2125 v.
1429 2084 1509 2126 101
1538 2082 1834 2127 LAGRUMIS

306 2158 351 2199 in
382 2157 422 2199 A
452 2157 600 2199 habes.

424 2228 475 2270 V.
524 2228 606 2269 102
652 2227 888 2278 Salmasius
937 2240 1016 2281 pro
1056 2226 1356 2268 Palatinorum
1403 2226 1450 2267 in
1496 2225 1676 2268 cribrum
1713 2239 1835 2281 yeras

307 2301 481 2357 scripsit
511 2302 558 2343 in
589 2301 768 2343 cribrum
807 2301 986 2355 inyeras,
1026 2298 1329 2341 convenienter
1361 2313 1463 2341 sane
1494 2298 1638 2341 versui
1669 2297 1755 2340 369
1785 2298 1834 2340 in

300 2377 534 2427 pertusszmz
565 2372 791 2427 inye'rimus
821 2372 931 2414 dicta
961 2371 1130 2425 ddlium,
1162 2370 1235 2411 sed
1267 2369 1417 2412 dubito
1449 2383 1554 2412 num
1578 2366 1834 2412 necessario.

307 2443 587 2486 Ambrosiani
613 2446 726 2485 certe
747 2442 993 2498 corruptela
1011 2457 1052 2496 p.
1076 2442 1170 2496 135,
1188 2442 1238 2484 11
1266 2438 1834 2496 ΙῌΟΒΕΒΒΠΜΒΕΘΑΒΠ)

306 2529 394 2557 non
425 2514 594 2557 videtur
625 2515 831 2556 aliorsum
864 2513 1077 2578 atque-ad
1103 2526 1225 2567 yeras
1255 2514 1459 2568 spectare.

426 2585 634 2628 Versibus
671 2585 755 2626 104
788 2599 848 2639 sq.
881 2584 926 2625 in
957 2584 1170 2627 Palatinis
1202 2585 1264 2627 sic
1294 2583 1385 2626 fere
1415 2583 1607 2626 traditis:

487 2666 621 2722 Spero
655 2666 851 2708 alicunde
883 2666 1009 2708 hodie
1041 2667 1109 2708 me
1142 2667 1254 2709 bona
1285 2681 1415 2721 opera
1445 2668 1520 2709 aut
1550 2666 1655 2708 haec
1685 2679 1782 2708 mea

486 2738 585 2780 Tibi
615 2737 892 2780 inuenturum
925 2752 1017 2780 esse
1049 2737 1257 2780 auxilium
1289 2737 1584 2793 argentarium

405 2845 462 2889 11)
490 2843 611 2880 Minus
635 2841 883 2890 probabiliter
909 2841 1126 2889 CRIBRUM
1151 2841 1297 2889 legeris.
