<?xml version="1.0" encoding="UTF-8"?>
<!DOCTYPE html PUBLIC "-//W3C//DTD XHTML 1.0 Transitional//EN"
    "http://www.w3.org/TR/xhtml1/DTD/xhtml1-transitional.dtd">
<html xmlns="http://www.w3.org/1999/xhtml" xml:lang="en" lang="en">
 <head>
  <title>
</title>
<meta http-equiv="Content-Type" content="text/html;charset=utf-8" />
  <meta name='ocr-system' content='tesseract 3.04.00' />
  <meta name='ocr-capabilities' content='ocr_page ocr_carea ocr_par ocr_line ocrx_word'/>
</head>
<body>
  <div class='ocr_page' id='page_1' title='image "analectaplautina00schuoft_0108.png"; bbox 0 0 1904 3106; ppageno 0'>
   <div class='ocr_carea' id='block_1_1' title="bbox 899 109 1187 154">
    <p class='ocr_par' dir='ltr' id='par_1_1' title="bbox 899 109 1187 154">
     <span class='ocr_line' id='line_1_1' title="bbox 899 109 1187 154; baseline 0 -12"><span class='ocrx_word' id='word_1_1' title='bbox 899 109 1187 154; x_wconf 37' lang='grc' dir='ltr'>ψ94.μ</span> 
     </span>
    </p>
   </div>
   <div class='ocr_carea' id='block_1_2' title="bbox 275 213 1849 768">
    <p class='ocr_par' dir='ltr' id='par_1_2' title="bbox 275 213 1849 768">
     <span class='ocr_line' id='line_1_2' title="bbox 279 213 1809 276; baseline 0.005 -21"><span class='ocrx_word' id='word_1_2' title='bbox 279 214 488 269; x_wconf 88' lang='lat' dir='ltr'>bytanum</span> <span class='ocrx_word' id='word_1_3' title='bbox 537 213 638 270; x_wconf 86' lang='lat'>141,</span> <span class='ocrx_word' id='word_1_4' title='bbox 694 214 1033 259; x_wconf 86' lang='lat' dir='ltr'>Laurentianum</span> <span class='ocrx_word' id='word_1_5' title='bbox 1076 217 1263 261; x_wconf 87' lang='lat' dir='ltr'>XXXVI</span> <span class='ocrx_word' id='word_1_6' title='bbox 1306 219 1383 274; x_wconf 88' lang='lat'>40,</span> <span class='ocrx_word' id='word_1_7' title='bbox 1438 217 1688 263; x_wconf 84' lang='lat' dir='ltr'>Leidensem</span> <span class='ocrx_word' id='word_1_8' title='bbox 1715 220 1809 276; x_wconf 42' lang='lat'>⁷53,</span> 
     </span>
     <span class='ocr_line' id='line_1_3' title="bbox 278 284 1808 344; baseline 0.005 -18"><span class='ocrx_word' id='word_1_9' title='bbox 278 284 525 328; x_wconf 90' lang='lat' dir='ltr'>Palatinum</span> <span class='ocrx_word' id='word_1_10' title='bbox 556 285 588 328; x_wconf 93' lang='grc' dir='ltr'>Ι.</span> <span class='ocrx_word' id='word_1_11' title='bbox 651 285 734 330; x_wconf 85' lang='lat' dir='ltr'>Sed</span> <span class='ocrx_word' id='word_1_12' title='bbox 770 289 910 344; x_wconf 85' lang='lat' dir='ltr'>magis</span> <span class='ocrx_word' id='word_1_13' title='bbox 948 289 1069 331; x_wconf 87' lang='lat' dir='ltr'>iuvat</span> <span class='ocrx_word' id='word_1_14' title='bbox 1106 290 1247 332; x_wconf 89' lang='lat' dir='ltr'>videre</span> <span class='ocrx_word' id='word_1_15' title='bbox 1285 305 1336 332; x_wconf 87' lang='lat' dir='ltr'>ex</span> <span class='ocrx_word' id='word_1_16' title='bbox 1367 289 1407 331; x_wconf 95' lang='lat' dir='ltr'>D</span> <span class='ocrx_word' id='word_1_17' title='bbox 1448 291 1592 333; x_wconf 90' lang='lat' dir='ltr'>codice</span> <span class='ocrx_word' id='word_1_18' title='bbox 1628 291 1674 334; x_wconf 91' lang='lat' dir='ltr'>in</span> <span class='ocrx_word' id='word_1_19' title='bbox 1705 291 1808 335; x_wconf 83' lang='lat' dir='ltr'>Ger-</span> 
     </span>
     <span class='ocr_line' id='line_1_4' title="bbox 280 356 1809 415; baseline 0.005 -17"><span class='ocrx_word' id='word_1_20' title='bbox 280 357 424 398; x_wconf 83' lang='lat' dir='ltr'>mania</span> <span class='ocrx_word' id='word_1_21' title='bbox 457 372 565 400; x_wconf 89' lang='lat' dir='ltr'>saec.</span> <span class='ocrx_word' id='word_1_22' title='bbox 597 356 680 399; x_wconf 92' lang='lat' dir='ltr'>XV</span> <span class='ocrx_word' id='word_1_23' title='bbox 718 359 891 402; x_wconf 87' lang='lat' dir='ltr'>ineunte</span> <span class='ocrx_word' id='word_1_24' title='bbox 929 362 1101 415; x_wconf 87' lang='lat' dir='ltr'>reperto</span> <span class='ocrx_word' id='word_1_25' title='bbox 1140 363 1184 402; x_wconf 87' lang='lat' dir='ltr'>et</span> <span class='ocrx_word' id='word_1_26' title='bbox 1221 376 1246 403; x_wconf 90' lang='lat' dir='ltr'>a</span> <span class='ocrx_word' id='word_1_27' title='bbox 1275 361 1458 404; x_wconf 89' lang='lat' dir='ltr'>Nicolao</span> <span class='ocrx_word' id='word_1_28' title='bbox 1489 361 1733 405; x_wconf 81' lang='lat' dir='ltr'>Trevirensi</span> <span class='ocrx_word' id='word_1_29' title='bbox 1763 364 1809 406; x_wconf 90' lang='lat' dir='ltr'>in</span> 
     </span>
     <span class='ocr_line' id='line_1_5' title="bbox 278 426 1809 487; baseline 0.005 -19"><span class='ocrx_word' id='word_1_30' title='bbox 278 426 452 469; x_wconf 88' lang='lat' dir='ltr'>Italiam</span> <span class='ocrx_word' id='word_1_31' title='bbox 484 429 698 471; x_wconf 87' lang='lat' dir='ltr'>translato</span> <span class='ocrx_word' id='word_1_32' title='bbox 731 431 941 472; x_wconf 86' lang='lat' dir='ltr'>nonnulla</span> <span class='ocrx_word' id='word_1_33' title='bbox 972 431 1018 472; x_wconf 90' lang='lat' dir='ltr'>in</span> <span class='ocrx_word' id='word_1_34' title='bbox 1050 434 1147 474; x_wconf 88' lang='lat' dir='ltr'>octo</span> <span class='ocrx_word' id='word_1_35' title='bbox 1178 433 1373 487; x_wconf 89' lang='lat' dir='ltr'><strong>priorum</strong></span> <span class='ocrx_word' id='word_1_36' title='bbox 1403 433 1652 476; x_wconf 85' lang='lat' dir='ltr'>fabularum</span> <span class='ocrx_word' id='word_1_37' title='bbox 1677 435 1809 477; x_wconf 83' lang='lat' dir='ltr'>tradi-</span> 
     </span>
     <span class='ocr_line' id='line_1_6' title="bbox 278 499 1810 560; baseline 0.005 -21"><span class='ocrx_word' id='word_1_38' title='bbox 278 499 438 540; x_wconf 80' lang='lat' dir='ltr'>tionem</span> <span class='ocrx_word' id='word_1_39' title='bbox 478 514 570 542; x_wconf 87' lang='lat' dir='ltr'>esse</span> <span class='ocrx_word' id='word_1_40' title='bbox 608 503 874 543; x_wconf 66' lang='lat' dir='ltr'>transvecta?</span> <span class='ocrx_word' id='word_1_41' title='bbox 926 500 1058 544; x_wconf 84' lang='lat' dir='ltr'>Cuius</span> <span class='ocrx_word' id='word_1_42' title='bbox 1091 503 1151 545; x_wconf 89' lang='lat' dir='ltr'>rei</span> <span class='ocrx_word' id='word_1_43' title='bbox 1181 504 1366 560; x_wconf 86' lang='lat' dir='ltr'>vestigia</span> <span class='ocrx_word' id='word_1_44' title='bbox 1398 518 1659 559; x_wconf 89' lang='lat' dir='ltr'>quamquam</span> <span class='ocrx_word' id='word_1_45' title='bbox 1689 506 1810 548; x_wconf 90' lang='lat' dir='ltr'>nulla</span> 
     </span>
     <span class='ocr_line' id='line_1_7' title="bbox 277 569 1849 630; baseline 0.007 -21"><span class='ocrx_word' id='word_1_46' title='bbox 277 569 321 610; x_wconf 91' lang='lat' dir='ltr'>in</span> <span class='ocrx_word' id='word_1_47' title='bbox 360 570 588 614; x_wconf 85' lang='lat' dir='ltr'>Aulularia</span> <span class='ocrx_word' id='word_1_48' title='bbox 626 575 669 613; x_wconf 90' lang='lat' dir='ltr'>et</span> <span class='ocrx_word' id='word_1_49' title='bbox 707 572 920 627; x_wconf 79' lang='lat' dir='ltr'>Captivis,</span> <span class='ocrx_word' id='word_1_50' title='bbox 963 574 1175 616; x_wconf 90' lang='lat' dir='ltr'>nonnulla</span> <span class='ocrx_word' id='word_1_51' title='bbox 1217 577 1364 616; x_wconf 89' lang='lat' dir='ltr'>tamen</span> <span class='ocrx_word' id='word_1_52' title='bbox 1405 575 1450 617; x_wconf 91' lang='lat' dir='ltr'>in</span> <span class='ocrx_word' id='word_1_53' title='bbox 1490 574 1808 630; x_wconf 72' lang='lat' dir='ltr'>Amphitruone</span> <span class='ocrx_word' id='word_1_54' title='bbox 1846 575 1849 579; x_wconf 76' lang='grc'><strong>’</strong></span> 
     </span>
     <span class='ocr_line' id='line_1_8' title="bbox 276 641 1807 700; baseline 0.006 -20"><span class='ocrx_word' id='word_1_55' title='bbox 276 643 318 680; x_wconf 91' lang='lat' dir='ltr'>et</span> <span class='ocrx_word' id='word_1_56' title='bbox 344 641 450 682; x_wconf 84' lang='lat' dir='ltr'>satis</span> <span class='ocrx_word' id='word_1_57' title='bbox 479 642 616 684; x_wconf 89' lang='lat' dir='ltr'>multa</span> <span class='ocrx_word' id='word_1_58' title='bbox 642 658 775 698; x_wconf 87' lang='lat' dir='ltr'>eaque</span> <span class='ocrx_word' id='word_1_59' title='bbox 802 645 1043 686; x_wconf 85' lang='lat' dir='ltr'>certissima</span> <span class='ocrx_word' id='word_1_60' title='bbox 1068 645 1114 686; x_wconf 90' lang='lat' dir='ltr'>in</span> <span class='ocrx_word' id='word_1_61' title='bbox 1135 644 1338 687; x_wconf 81' lang='lat' dir='ltr'>Asinaria</span> <span class='ocrx_word' id='word_1_62' title='bbox 1363 645 1633 700; x_wconf 75' lang='lat' dir='ltr'>deprehendi.</span> <span class='ocrx_word' id='word_1_63' title='bbox 1675 646 1807 690; x_wconf 89' lang='lat' dir='ltr'>Velut</span> 
     </span>
     <span class='ocr_line' id='line_1_9' title="bbox 275 712 1063 768; baseline 0.006 -16"><span class='ocrx_word' id='word_1_64' title='bbox 275 725 311 753; x_wconf 87' lang='lat' dir='ltr'>v.</span> <span class='ocrx_word' id='word_1_65' title='bbox 348 712 400 753; x_wconf 87' lang='lat'>16</span> <span class='ocrx_word' id='word_1_66' title='bbox 423 727 514 768; x_wconf 88' lang='lat' dir='ltr'>sqq.</span> <span class='ocrx_word' id='word_1_67' title='bbox 546 714 591 755; x_wconf 90' lang='lat' dir='ltr'>in</span> <span class='ocrx_word' id='word_1_68' title='bbox 622 713 650 755; x_wconf 88' lang='lat' dir='ltr'>J</span> <span class='ocrx_word' id='word_1_69' title='bbox 680 714 770 756; x_wconf 89' lang='lat' dir='ltr'>fere</span> <span class='ocrx_word' id='word_1_70' title='bbox 801 715 911 757; x_wconf 88' lang='lat' dir='ltr'>tales</span> <span class='ocrx_word' id='word_1_71' title='bbox 945 718 1063 757; x_wconf 88' lang='lat' dir='ltr'>sunt:</span> 
     </span>
    </p>
   </div>
   <div class='ocr_carea' id='block_1_3' title="bbox 490 806 1804 1011">
    <p class='ocr_par' dir='ltr' id='par_1_3' title="bbox 490 806 1804 1011">
     <span class='ocr_line' id='line_1_10' title="bbox 490 806 1415 865; baseline 0.004 -16"><span class='ocrx_word' id='word_1_72' title='bbox 490 806 610 850; x_wconf 81' lang='lat' dir='ltr'>Sicut</span> <span class='ocrx_word' id='word_1_73' title='bbox 639 812 763 851; x_wconf 91' lang='lat' dir='ltr'>tuum</span> <span class='ocrx_word' id='word_1_74' title='bbox 794 810 859 852; x_wconf 87' lang='lat' dir='ltr'>vis</span> <span class='ocrx_word' id='word_1_75' title='bbox 892 811 1067 853; x_wconf 89' lang='lat' dir='ltr'>unicum</span> <span class='ocrx_word' id='word_1_76' title='bbox 1100 813 1282 865; x_wconf 79' lang='lat' dir='ltr'>gnatum</span> <span class='ocrx_word' id='word_1_77' title='bbox 1314 813 1415 854; x_wconf 89' lang='lat' dir='ltr'>tuae</span> 
     </span>
     <span class='ocr_line' id='line_1_11' title="bbox 491 878 1492 936; baseline 0.003 -16"><span class='ocrx_word' id='word_1_78' title='bbox 491 878 723 934; x_wconf 81' lang='lat' dir='ltr'>Superesse</span> <span class='ocrx_word' id='word_1_79' title='bbox 754 880 870 923; x_wconf 88' lang='lat' dir='ltr'>vitae</span> <span class='ocrx_word' id='word_1_80' title='bbox 903 881 1108 935; x_wconf 85' lang='lat' dir='ltr'>sospitem</span> <span class='ocrx_word' id='word_1_81' title='bbox 1141 885 1184 922; x_wconf 89' lang='lat' dir='ltr'>et</span> <span class='ocrx_word' id='word_1_82' title='bbox 1216 882 1492 936; x_wconf 72' lang='lat' dir='ltr'>superstitem</span> 
     </span>
     <span class='ocr_line' id='line_1_12' title="bbox 490 950 1804 1011; baseline 0.005 -19"><span class='ocrx_word' id='word_1_83' title='bbox 490 950 655 1006; x_wconf 86' lang='lat' dir='ltr'>Perque</span> <span class='ocrx_word' id='word_1_84' title='bbox 686 951 808 993; x_wconf 87' lang='lat' dir='ltr'>illam</span> <span class='ocrx_word' id='word_1_85' title='bbox 841 967 968 1007; x_wconf 88' lang='lat' dir='ltr'>quam</span> <span class='ocrx_word' id='word_1_86' title='bbox 1000 956 1047 994; x_wconf 89' lang='lat' dir='ltr'>tu</span> <span class='ocrx_word' id='word_1_87' title='bbox 1079 953 1236 994; x_wconf 86' lang='lat' dir='ltr'>metuis</span> <span class='ocrx_word' id='word_1_88' title='bbox 1268 967 1443 994; x_wconf 88' lang='lat' dir='ltr'>uxorem</span> <span class='ocrx_word' id='word_1_89' title='bbox 1475 956 1596 996; x_wconf 87' lang='lat' dir='ltr'>tuam</span> <span class='ocrx_word' id='word_1_90' title='bbox 1635 969 1670 997; x_wconf 93' lang='lat' dir='ltr'>e.</span> <span class='ocrx_word' id='word_1_91' title='bbox 1701 970 1741 1011; x_wconf 87' lang='lat' dir='ltr'>q.</span> <span class='ocrx_word' id='word_1_92' title='bbox 1773 970 1804 998; x_wconf 79' lang='lat' dir='ltr'>s,</span> 
     </span>
    </p>
   </div>
   <div class='ocr_carea' id='block_1_4' title="bbox 272 1044 1454 1381">
    <p class='ocr_par' dir='ltr' id='par_1_4' title="bbox 274 1044 951 1102">
     <span class='ocr_line' id='line_1_13' title="bbox 274 1044 951 1102; baseline 0.004 -17"><span class='ocrx_word' id='word_1_93' title='bbox 274 1044 438 1087; x_wconf 85' lang='lat' dir='ltr'>omisso</span> <span class='ocrx_word' id='word_1_94' title='bbox 471 1059 596 1087; x_wconf 85' lang='lat' dir='ltr'>versu</span> <span class='ocrx_word' id='word_1_95' title='bbox 631 1046 713 1088; x_wconf 93' lang='lat' dir='ltr'>hoc</span> <span class='ocrx_word' id='word_1_96' title='bbox 744 1049 845 1102; x_wconf 91' lang='lat' dir='ltr'>post</span> <span class='ocrx_word' id='word_1_97' title='bbox 879 1047 951 1088; x_wconf 86' lang='lat'>17:</span> 
     </span>
    </p>

    <p class='ocr_par' dir='ltr' id='par_1_5' title="bbox 272 1140 1454 1279">
     <span class='ocr_line' id='line_1_14' title="bbox 486 1140 1454 1198; baseline 0.001 -15"><span class='ocrx_word' id='word_1_98' title='bbox 486 1140 556 1183; x_wconf 93' lang='lat' dir='ltr'>Ita</span> <span class='ocrx_word' id='word_1_99' title='bbox 586 1141 659 1183; x_wconf 91' lang='lat' dir='ltr'>ted</span> <span class='ocrx_word' id='word_1_100' title='bbox 691 1142 885 1184; x_wconf 90' lang='lat' dir='ltr'>obtestor</span> <span class='ocrx_word' id='word_1_101' title='bbox 917 1157 992 1198; x_wconf 88' lang='lat' dir='ltr'>per</span> <span class='ocrx_word' id='word_1_102' title='bbox 1024 1143 1289 1184; x_wconf 88' lang='lat' dir='ltr'>senectutem</span> <span class='ocrx_word' id='word_1_103' title='bbox 1319 1143 1454 1184; x_wconf 91' lang='lat' dir='ltr'>tuam.</span> 
     </span>
     <span class='ocr_line' id='line_1_15' title="bbox 272 1232 1134 1279; baseline 0.006 -5"><span class='ocrx_word' id='word_1_104' title='bbox 272 1232 322 1275; x_wconf 92' lang='lat' dir='ltr'>In</span> <span class='ocrx_word' id='word_1_105' title='bbox 355 1234 505 1277; x_wconf 89' lang='lat' dir='ltr'>eodem</span> <span class='ocrx_word' id='word_1_106' title='bbox 538 1237 681 1279; x_wconf 88' lang='lat' dir='ltr'>codice</span> <span class='ocrx_word' id='word_1_107' title='bbox 713 1237 945 1279; x_wconf 83' lang='lat' dir='ltr'>desiderari</span> <span class='ocrx_word' id='word_1_108' title='bbox 977 1252 1014 1278; x_wconf 90' lang='lat' dir='ltr'>v.</span> <span class='ocrx_word' id='word_1_109' title='bbox 1050 1236 1134 1278; x_wconf 83' lang='lat'>105</span> 
     </span>
    </p>

    <p class='ocr_par' dir='ltr' id='par_1_6' title="bbox 488 1331 1336 1381">
     <span class='ocr_line' id='line_1_16' title="bbox 488 1331 1336 1381; baseline -0.002 -7"><span class='ocrx_word' id='word_1_110' title='bbox 488 1331 595 1381; x_wconf 83' lang='lat' dir='ltr'>Quid</span> <span class='ocrx_word' id='word_1_111' title='bbox 629 1332 664 1373; x_wconf 90' lang='lat' dir='ltr'>si</span> <span class='ocrx_word' id='word_1_112' title='bbox 696 1332 809 1375; x_wconf 89' lang='lat' dir='ltr'>forte</span> <span class='ocrx_word' id='word_1_113' title='bbox 842 1332 886 1373; x_wconf 91' lang='lat' dir='ltr'>in</span> <span class='ocrx_word' id='word_1_114' title='bbox 917 1332 1094 1373; x_wconf 86' lang='lat' dir='ltr'>insidias</span> <span class='ocrx_word' id='word_1_115' title='bbox 1126 1331 1336 1373; x_wconf 89' lang='lat' dir='ltr'>devenero</span> 
     </span>
    </p>
   </div>
   <div class='ocr_carea' id='block_1_5' title="bbox 270 1418 1801 1553">
    <p class='ocr_par' dir='ltr' id='par_1_7' title="bbox 270 1418 1801 1553">
     <span class='ocr_line' id='line_1_17' title="bbox 272 1418 1801 1482; baseline 0.003 -17"><span class='ocrx_word' id='word_1_116' title='bbox 272 1439 402 1479; x_wconf 76' lang='lat' dir='ltr'>supra</span> <span class='ocrx_word' id='word_1_117' title='bbox 441 1426 639 1469; x_wconf 86' lang='lat' dir='ltr'>diximus.</span> <span class='ocrx_word' id='word_1_118' title='bbox 700 1426 891 1469; x_wconf 86' lang='lat' dir='ltr'>Eosdem</span> <span class='ocrx_word' id='word_1_119' title='bbox 929 1426 1063 1482; x_wconf 83' lang='lat' dir='ltr'>igitur</span> <span class='ocrx_word' id='word_1_120' title='bbox 1101 1425 1310 1468; x_wconf 89' lang='lat' dir='ltr'>omittunt</span> <span class='ocrx_word' id='word_1_121' title='bbox 1346 1418 1495 1467; x_wconf 76' lang='lat' dir='ltr'>versus</span> <span class='ocrx_word' id='word_1_122' title='bbox 1535 1428 1641 1470; x_wconf 84' lang='lat' dir='ltr'>satis</span> <span class='ocrx_word' id='word_1_123' title='bbox 1672 1428 1801 1470; x_wconf 86' lang='lat' dir='ltr'>multi</span> 
     </span>
     <span class='ocr_line' id='line_1_18' title="bbox 270 1495 1800 1553; baseline 0.003 -17"><span class='ocrx_word' id='word_1_124' title='bbox 270 1495 384 1551; x_wconf 84' lang='lat' dir='ltr'>libri,</span> <span class='ocrx_word' id='word_1_125' title='bbox 416 1498 532 1540; x_wconf 88' lang='lat' dir='ltr'>velut</span> <span class='ocrx_word' id='word_1_126' title='bbox 564 1498 881 1540; x_wconf 83' lang='lat' dir='ltr'>Laurentianus</span> <span class='ocrx_word' id='word_1_127' title='bbox 912 1498 1022 1553; x_wconf 86' lang='lat' dir='ltr'>plut.</span> <span class='ocrx_word' id='word_1_128' title='bbox 1041 1496 1228 1540; x_wconf 88' lang='lat' dir='ltr'>XXXVI</span> <span class='ocrx_word' id='word_1_129' title='bbox 1253 1497 1324 1551; x_wconf 85' lang='lat'>43,</span> <span class='ocrx_word' id='word_1_130' title='bbox 1355 1497 1426 1551; x_wconf 88' lang='lat'>44,</span> <span class='ocrx_word' id='word_1_131' title='bbox 1456 1496 1527 1552; x_wconf 88' lang='lat'>45,</span> <span class='ocrx_word' id='word_1_132' title='bbox 1557 1498 1634 1552; x_wconf 81' lang='lat'>473</span> <span class='ocrx_word' id='word_1_133' title='bbox 1663 1497 1800 1541; x_wconf 84' lang='lat' dir='ltr'>Palat.</span> 
     </span>
    </p>
   </div>
   <div class='ocr_carea' id='block_1_6' title="bbox 268 1567 1799 1895">
    <p class='ocr_par' dir='ltr' id='par_1_8' title="bbox 268 1567 1799 1895">
     <span class='ocr_line' id='line_1_19' title="bbox 276 1567 1799 1625; baseline 0.002 -17"><span class='ocrx_word' id='word_1_134' title='bbox 276 1567 400 1623; x_wconf 87' lang='grc'>1618,</span> <span class='ocrx_word' id='word_1_135' title='bbox 436 1569 568 1625; x_wconf 82' lang='grc'>1612;</span> <span class='ocrx_word' id='word_1_136' title='bbox 601 1569 795 1612; x_wconf 88' lang='lat' dir='ltr'>Riccard.</span> <span class='ocrx_word' id='word_1_137' title='bbox 827 1569 961 1624; x_wconf 81' lang='lat'><strong>31433</strong></span> <span class='ocrx_word' id='word_1_138' title='bbox 995 1569 1080 1612; x_wconf 92' lang='lat' dir='ltr'>alii.</span> <span class='ocrx_word' id='word_1_139' title='bbox 1125 1567 1287 1611; x_wconf 79' lang='lat' dir='ltr'>Contra</span> <span class='ocrx_word' id='word_1_140' title='bbox 1318 1569 1364 1610; x_wconf 86' lang='lat' dir='ltr'>in</span> <span class='ocrx_word' id='word_1_141' title='bbox 1394 1567 1491 1610; x_wconf 87' lang='lat' dir='ltr'>aliis</span> <span class='ocrx_word' id='word_1_142' title='bbox 1521 1570 1699 1624; x_wconf 87' lang='lat' dir='ltr'>uterque</span> <span class='ocrx_word' id='word_1_143' title='bbox 1730 1583 1799 1611; x_wconf 85' lang='lat' dir='ltr'>ex-</span> 
     </span>
     <span class='ocr_line' id='line_1_20' title="bbox 270 1637 1799 1696; baseline 0.001 -16"><span class='ocrx_word' id='word_1_144' title='bbox 270 1641 376 1694; x_wconf 88' lang='lat' dir='ltr'>stat,</span> <span class='ocrx_word' id='word_1_145' title='bbox 420 1643 469 1681; x_wconf 88' lang='lat' dir='ltr'>ut</span> <span class='ocrx_word' id='word_1_146' title='bbox 507 1640 799 1683; x_wconf 83' lang='lat' dir='ltr'>Laurentiano</span> <span class='ocrx_word' id='word_1_147' title='bbox 837 1641 945 1696; x_wconf 82' lang='lat' dir='ltr'>plut.</span> <span class='ocrx_word' id='word_1_148' title='bbox 982 1638 1169 1682; x_wconf 91' lang='lat' dir='ltr'>XXXVI</span> <span class='ocrx_word' id='word_1_149' title='bbox 1200 1639 1278 1694; x_wconf 83' lang='lat'>42;</span> <span class='ocrx_word' id='word_1_150' title='bbox 1322 1637 1662 1694; x_wconf 81' lang='lat' dir='ltr'>Guelferbytano</span> <span class='ocrx_word' id='word_1_151' title='bbox 1693 1639 1799 1696; x_wconf 79' lang='lat'>3353</span> 
     </span>
     <span class='ocr_line' id='line_1_21' title="bbox 269 1708 1798 1768; baseline 0.001 -17"><span class='ocrx_word' id='word_1_152' title='bbox 269 1710 313 1751; x_wconf 88' lang='lat' dir='ltr'>in</span> <span class='ocrx_word' id='word_1_153' title='bbox 356 1711 578 1753; x_wconf 89' lang='lat' dir='ltr'>nonnullis</span> <span class='ocrx_word' id='word_1_154' title='bbox 622 1712 810 1768; x_wconf 88' lang='lat' dir='ltr'>margini</span> <span class='ocrx_word' id='word_1_155' title='bbox 854 1714 954 1754; x_wconf 90' lang='lat' dir='ltr'>sunt</span> <span class='ocrx_word' id='word_1_156' title='bbox 1002 1710 1226 1765; x_wconf 77' lang='lat' dir='ltr'>adscripti,</span> <span class='ocrx_word' id='word_1_157' title='bbox 1269 1711 1317 1750; x_wconf 88' lang='lat' dir='ltr'>ut</span> <span class='ocrx_word' id='word_1_158' title='bbox 1346 1708 1640 1753; x_wconf 85' lang='lat' dir='ltr'>Laurentiano</span> <span class='ocrx_word' id='word_1_159' title='bbox 1689 1710 1798 1765; x_wconf 89' lang='lat' dir='ltr'>plut.</span> 
     </span>
     <span class='ocr_line' id='line_1_22' title="bbox 268 1770 1798 1837; baseline 0.001 -15"><span class='ocrx_word' id='word_1_160' title='bbox 268 1780 455 1824; x_wconf 87' lang='lat' dir='ltr'>XXXVI</span> <span class='ocrx_word' id='word_1_161' title='bbox 487 1783 564 1837; x_wconf 75' lang='lat'>403</span> <span class='ocrx_word' id='word_1_162' title='bbox 597 1782 844 1825; x_wconf 76' lang='lat' dir='ltr'>Burneiano</span> <span class='ocrx_word' id='word_1_163' title='bbox 878 1783 976 1825; x_wconf 80' lang='lat'>227.</span> <span class='ocrx_word' id='word_1_164' title='bbox 1038 1779 1121 1823; x_wconf 78' lang='lat' dir='ltr'>sed</span> <span class='ocrx_word' id='word_1_165' title='bbox 1154 1780 1301 1822; x_wconf 77' lang='lat' dir='ltr'>ubiubi</span> <span class='ocrx_word' id='word_1_166' title='bbox 1335 1779 1453 1822; x_wconf 76' lang='lat' dir='ltr'>Asin.</span> <span class='ocrx_word' id='word_1_167' title='bbox 1485 1795 1524 1823; x_wconf 82' lang='lat' dir='ltr'>v.</span> <span class='ocrx_word' id='word_1_168' title='bbox 1560 1781 1612 1836; x_wconf 74' lang='grc'>18</span> <span class='ocrx_word' id='word_1_169' title='bbox 1644 1770 1798 1837; x_wconf 57' lang='lat' dir='ltr'>exstat,</span> 
     </span>
     <span class='ocr_line' id='line_1_23' title="bbox 268 1852 607 1895; baseline 0.006 -2"><span class='ocrx_word' id='word_1_170' title='bbox 268 1852 331 1894; x_wconf 89' lang='lat' dir='ltr'>ita</span> <span class='ocrx_word' id='word_1_171' title='bbox 363 1853 607 1895; x_wconf 87' lang='lat' dir='ltr'>exhibetur:</span> 
     </span>
    </p>
   </div>
   <div class='ocr_carea' id='block_1_7' title="bbox 481 1947 1414 2003">
    <p class='ocr_par' dir='ltr' id='par_1_9' title="bbox 481 1947 1414 2003">
     <span class='ocr_line' id='line_1_24' title="bbox 481 1947 1414 2003; baseline -0.003 -13"><span class='ocrx_word' id='word_1_172' title='bbox 481 1947 551 1990; x_wconf 86' lang='lat' dir='ltr'>Ita</span> <span class='ocrx_word' id='word_1_173' title='bbox 581 1950 631 1990; x_wconf 87' lang='lat' dir='ltr'>te</span> <span class='ocrx_word' id='word_1_174' title='bbox 663 1948 858 1990; x_wconf 85' lang='lat' dir='ltr'>obtestor</span> <span class='ocrx_word' id='word_1_175' title='bbox 888 1963 965 2003; x_wconf 89' lang='lat' dir='ltr'>per</span> <span class='ocrx_word' id='word_1_176' title='bbox 997 1950 1263 1990; x_wconf 89' lang='lat' dir='ltr'>senectutem</span> <span class='ocrx_word' id='word_1_177' title='bbox 1293 1950 1414 1988; x_wconf 88' lang='lat' dir='ltr'>tuam</span> 
     </span>
    </p>
   </div>
   <div class='ocr_carea' id='block_1_8' title="bbox 223 2024 1795 2240">
    <p class='ocr_par' dir='ltr' id='par_1_10' title="bbox 223 2024 1795 2240">
     <span class='ocr_line' id='line_1_25' title="bbox 268 2024 1795 2099; baseline -0.001 -16"><span class='ocrx_word' id='word_1_178' title='bbox 268 2056 375 2096; x_wconf 85' lang='lat' dir='ltr'>quae</span> <span class='ocrx_word' id='word_1_179' title='bbox 402 2034 438 2083; x_wconf 89' lang='lat' dir='ltr'>B</span> <span class='ocrx_word' id='word_1_180' title='bbox 471 2042 631 2085; x_wconf 91' lang='lat' dir='ltr'>codicis</span> <span class='ocrx_word' id='word_1_181' title='bbox 658 2043 871 2098; x_wconf 87' lang='lat' dir='ltr'>scriptura</span> <span class='ocrx_word' id='word_1_182' title='bbox 896 2050 961 2084; x_wconf 88' lang='lat' dir='ltr'>est</span> <span class='ocrx_word' id='word_1_183' title='bbox 986 2041 1131 2099; x_wconf 75' lang='lat' dir='ltr'>(itate).</span> <span class='ocrx_word' id='word_1_184' title='bbox 1183 2040 1305 2091; x_wconf 85' lang='lat' dir='ltr'>Quod</span> <span class='ocrx_word' id='word_1_185' title='bbox 1337 2041 1375 2082; x_wconf 92' lang='lat' dir='ltr'>si</span> <span class='ocrx_word' id='word_1_186' title='bbox 1405 2039 1545 2082; x_wconf 87' lang='lat' dir='ltr'>nihilo</span> <span class='ocrx_word' id='word_1_187' title='bbox 1570 2024 1711 2083; x_wconf 90' lang='lat' dir='ltr'>minus</span> <span class='ocrx_word' id='word_1_188' title='bbox 1743 2054 1795 2082; x_wconf 87' lang='lat' dir='ltr'>ex</span> 
     </span>
     <span class='ocr_line' id='line_1_26' title="bbox 267 2110 1793 2168; baseline 0 -15"><span class='ocrx_word' id='word_1_189' title='bbox 267 2111 306 2152; x_wconf 94' lang='lat' dir='ltr'>D</span> <span class='ocrx_word' id='word_1_190' title='bbox 329 2113 428 2154; x_wconf 87' lang='lat' dir='ltr'>illos</span> <span class='ocrx_word' id='word_1_191' title='bbox 461 2114 642 2156; x_wconf 87' lang='lat' dir='ltr'>haustos</span> <span class='ocrx_word' id='word_1_192' title='bbox 675 2114 780 2168; x_wconf 88' lang='lat' dir='ltr'>dixi,</span> <span class='ocrx_word' id='word_1_193' title='bbox 812 2113 855 2155; x_wconf 91' lang='lat' dir='ltr'>id</span> <span class='ocrx_word' id='word_1_194' title='bbox 886 2128 954 2155; x_wconf 93' lang='lat' dir='ltr'>me</span> <span class='ocrx_word' id='word_1_195' title='bbox 986 2115 1247 2167; x_wconf 90' lang='lat' dir='ltr'>commovet,</span> <span class='ocrx_word' id='word_1_196' title='bbox 1278 2111 1391 2167; x_wconf 90' lang='lat' dir='ltr'>quod</span> <span class='ocrx_word' id='word_1_197' title='bbox 1423 2111 1470 2152; x_wconf 90' lang='lat' dir='ltr'>in</span> <span class='ocrx_word' id='word_1_198' title='bbox 1499 2111 1619 2153; x_wconf 86' lang='lat' dir='ltr'>nullo</span> <span class='ocrx_word' id='word_1_199' title='bbox 1650 2110 1793 2154; x_wconf 85' lang='lat' dir='ltr'>codice</span> 
     </span>
     <span class='ocr_line' id='line_1_27' title="bbox 223 2182 1792 2240; baseline 0.001 -16"><span class='ocrx_word' id='word_1_200' title='bbox 223 2201 226 2205; x_wconf 91' lang='lat'>·</span> <span class='ocrx_word' id='word_1_201' title='bbox 267 2184 437 2226; x_wconf 87' lang='lat' dir='ltr'>saeculo</span> <span class='ocrx_word' id='word_1_202' title='bbox 465 2183 547 2225; x_wconf 91' lang='lat' dir='ltr'>XV</span> <span class='ocrx_word' id='word_1_203' title='bbox 574 2185 818 2240; x_wconf 84' lang='lat' dir='ltr'>antiquiore</span> <span class='ocrx_word' id='word_1_204' title='bbox 850 2188 1072 2239; x_wconf 89' lang='lat' dir='ltr'>apparent,</span> <span class='ocrx_word' id='word_1_205' title='bbox 1105 2183 1178 2226; x_wconf 89' lang='lat' dir='ltr'>sed</span> <span class='ocrx_word' id='word_1_206' title='bbox 1210 2183 1255 2225; x_wconf 91' lang='lat' dir='ltr'>in</span> <span class='ocrx_word' id='word_1_207' title='bbox 1285 2182 1348 2224; x_wconf 88' lang='lat' dir='ltr'>eis</span> <span class='ocrx_word' id='word_1_208' title='bbox 1379 2183 1548 2224; x_wconf 81' lang='lat' dir='ltr'>tantum</span> <span class='ocrx_word' id='word_1_209' title='bbox 1579 2182 1654 2237; x_wconf 91' lang='lat' dir='ltr'>qui</span> <span class='ocrx_word' id='word_1_210' title='bbox 1684 2196 1792 2225; x_wconf 84' lang='lat' dir='ltr'>saec.</span> 
     </span>
    </p>
   </div>
   <div class='ocr_carea' id='block_1_9' title="bbox 266 2253 1789 2379">
    <p class='ocr_par' dir='ltr' id='par_1_11' title="bbox 266 2253 1789 2379">
     <span class='ocr_line' id='line_1_28' title="bbox 266 2253 687 2298; baseline 0.005 -2"><span class='ocrx_word' id='word_1_211' title='bbox 266 2253 347 2296; x_wconf 89' lang='lat' dir='ltr'>XV</span> <span class='ocrx_word' id='word_1_212' title='bbox 379 2255 542 2297; x_wconf 88' lang='lat' dir='ltr'>exarati</span> <span class='ocrx_word' id='word_1_213' title='bbox 575 2259 687 2298; x_wconf 82' lang='lat' dir='ltr'>sunt.</span> 
     </span>
     <span class='ocr_line' id='line_1_29' title="bbox 383 2323 1789 2379; baseline 0 -12"><span class='ocrx_word' id='word_1_214' title='bbox 383 2324 654 2368; x_wconf 88' lang='lat' dir='ltr'>Veniendum</span> <span class='ocrx_word' id='word_1_215' title='bbox 679 2341 792 2368; x_wconf 89' lang='lat' dir='ltr'>nunc</span> <span class='ocrx_word' id='word_1_216' title='bbox 820 2326 874 2368; x_wconf 88' lang='lat' dir='ltr'>ad</span> <span class='ocrx_word' id='word_1_217' title='bbox 899 2341 973 2369; x_wconf 87' lang='lat' dir='ltr'>eos</span> <span class='ocrx_word' id='word_1_218' title='bbox 992 2326 1137 2368; x_wconf 89' lang='lat' dir='ltr'>Plauti</span> <span class='ocrx_word' id='word_1_219' title='bbox 1156 2324 1322 2367; x_wconf 86' lang='lat' dir='ltr'>codices</span> <span class='ocrx_word' id='word_1_220' title='bbox 1348 2324 1421 2379; x_wconf 87' lang='lat' dir='ltr'>qui</span> <span class='ocrx_word' id='word_1_221' title='bbox 1441 2323 1598 2379; x_wconf 86' lang='lat' dir='ltr'>viginti</span> <span class='ocrx_word' id='word_1_222' title='bbox 1616 2324 1789 2367; x_wconf 85' lang='lat' dir='ltr'>fabulas</span> 
     </span>
    </p>
   </div>
   <div class='ocr_carea' id='block_1_10' title="bbox 264 2393 1790 2591">
    <p class='ocr_par' dir='ltr' id='par_1_12' title="bbox 264 2393 1790 2591">
     <span class='ocr_line' id='line_1_30' title="bbox 265 2393 1790 2451; baseline -0.001 -13"><span class='ocrx_word' id='word_1_223' title='bbox 265 2396 508 2451; x_wconf 87' lang='lat' dir='ltr'>continent,</span> <span class='ocrx_word' id='word_1_224' title='bbox 539 2411 623 2451; x_wconf 89' lang='lat' dir='ltr'>quo</span> <span class='ocrx_word' id='word_1_225' title='bbox 656 2411 709 2439; x_wconf 90' lang='lat' dir='ltr'>ex</span> <span class='ocrx_word' id='word_1_226' title='bbox 738 2412 918 2439; x_wconf 90' lang='lat' dir='ltr'>numero</span> <span class='ocrx_word' id='word_1_227' title='bbox 951 2396 1174 2439; x_wconf 86' lang='lat' dir='ltr'>duodecim</span> <span class='ocrx_word' id='word_1_228' title='bbox 1205 2394 1465 2449; x_wconf 87' lang='lat' dir='ltr'>posteriores</span> <span class='ocrx_word' id='word_1_229' title='bbox 1496 2394 1633 2437; x_wconf 89' lang='lat' dir='ltr'>redire</span> <span class='ocrx_word' id='word_1_230' title='bbox 1665 2394 1720 2437; x_wconf 88' lang='lat' dir='ltr'>ad</span> <span class='ocrx_word' id='word_1_231' title='bbox 1751 2393 1790 2436; x_wconf 91' lang='lat' dir='ltr'>D</span> 
     </span>
     <span class='ocr_line' id='line_1_31' title="bbox 264 2462 1788 2522; baseline -0.001 -13"><span class='ocrx_word' id='word_1_232' title='bbox 264 2482 352 2509; x_wconf 90' lang='lat' dir='ltr'>non</span> <span class='ocrx_word' id='word_1_233' title='bbox 389 2471 456 2510; x_wconf 90' lang='lat' dir='ltr'>est</span> <span class='ocrx_word' id='word_1_234' title='bbox 492 2467 606 2522; x_wconf 88' lang='lat' dir='ltr'>quod</span> <span class='ocrx_word' id='word_1_235' title='bbox 643 2470 743 2522; x_wconf 87' lang='lat' dir='ltr'>post</span> <span class='ocrx_word' id='word_1_236' title='bbox 774 2467 1058 2510; x_wconf 85' lang='lat' dir='ltr'>Ritschelium</span> <span class='ocrx_word' id='word_1_237' title='bbox 1096 2466 1234 2508; x_wconf 89' lang='lat' dir='ltr'>denuo</span> <span class='ocrx_word' id='word_1_238' title='bbox 1268 2464 1493 2507; x_wconf 86' lang='lat' dir='ltr'>ostendam</span> <span class='ocrx_word' id='word_1_239' title='bbox 1506 2462 1580 2521; x_wconf 74' lang='lat'>4²),</span> <span class='ocrx_word' id='word_1_240' title='bbox 1621 2465 1788 2521; x_wconf 82' lang='lat' dir='ltr'>priores</span> 
     </span>
     <span class='ocr_line' id='line_1_32' title="bbox 265 2533 1788 2591; baseline -0.001 -12"><span class='ocrx_word' id='word_1_241' title='bbox 265 2540 407 2579; x_wconf 87' lang='lat' dir='ltr'>autem</span> <span class='ocrx_word' id='word_1_242' title='bbox 440 2537 494 2579; x_wconf 90' lang='lat' dir='ltr'>ad</span> <span class='ocrx_word' id='word_1_243' title='bbox 525 2537 554 2579; x_wconf 85' lang='lat' dir='ltr'><strong>J</strong></span> <span class='ocrx_word' id='word_1_244' title='bbox 585 2537 751 2579; x_wconf 88' lang='lat' dir='ltr'>fontem</span> <span class='ocrx_word' id='word_1_245' title='bbox 782 2538 1026 2581; x_wconf 87' lang='lat' dir='ltr'>referendas</span> <span class='ocrx_word' id='word_1_246' title='bbox 1058 2551 1151 2580; x_wconf 87' lang='lat' dir='ltr'>esse</span> <span class='ocrx_word' id='word_1_247' title='bbox 1182 2536 1415 2591; x_wconf 80' lang='lat' dir='ltr'>inquirenti</span> <span class='ocrx_word' id='word_1_248' title='bbox 1425 2533 1479 2591; x_wconf 77' lang='lat'>⁴³)</span> <span class='ocrx_word' id='word_1_249' title='bbox 1511 2535 1617 2578; x_wconf 92' lang='lat' dir='ltr'>mihi</span> <span class='ocrx_word' id='word_1_250' title='bbox 1647 2535 1788 2591; x_wconf 89' lang='lat' dir='ltr'>primo</span> 
     </span>
    </p>
   </div>
   <div class='ocr_carea' id='block_1_11' title="bbox 457 2634 581 2639">
    <p class='ocr_par' dir='ltr' id='par_1_13' title="bbox 457 2634 581 2639">
     <span class='ocr_line' id='line_1_33' title="bbox 457 2634 581 2639; baseline 0 0"><span class='ocrx_word' id='word_1_251' title='bbox 457 2634 581 2639; x_wconf 95' lang='lat' dir='ltr'> </span> 
     </span>
    </p>
   </div>
   <div class='ocr_carea' id='block_1_12' title="bbox 358 2676 1786 2782">
    <p class='ocr_par' dir='ltr' id='par_1_14' title="bbox 358 2676 1786 2782">
     <span class='ocr_line' id='line_1_34' title="bbox 358 2676 1113 2723; baseline -0.003 -10"><span class='ocrx_word' id='word_1_252' title='bbox 358 2679 417 2723; x_wconf 83' lang='lat'>42)</span> <span class='ocrx_word' id='word_1_253' title='bbox 444 2677 498 2715; x_wconf 86' lang='lat' dir='ltr'>Cf.</span> <span class='ocrx_word' id='word_1_254' title='bbox 525 2676 656 2722; x_wconf 85' lang='lat' dir='ltr'>Opusc.</span> <span class='ocrx_word' id='word_1_255' title='bbox 682 2677 813 2722; x_wconf 89' lang='lat' dir='ltr'>philol.</span> <span class='ocrx_word' id='word_1_256' title='bbox 839 2677 910 2712; x_wconf 86' lang='lat' dir='ltr'>vol.</span> <span class='ocrx_word' id='word_1_257' title='bbox 936 2677 970 2711; x_wconf 92' lang='lat' dir='ltr'>II</span> <span class='ocrx_word' id='word_1_258' title='bbox 995 2689 1030 2722; x_wconf 90' lang='lat' dir='ltr'>p.</span> <span class='ocrx_word' id='word_1_259' title='bbox 1059 2681 1113 2712; x_wconf 85' lang='lat'>19.</span> 
     </span>
     <span class='ocr_line' id='line_1_35' title="bbox 358 2733 1786 2782; baseline -0.001 -11"><span class='ocrx_word' id='word_1_260' title='bbox 358 2738 417 2782; x_wconf 87' lang='lat'>43)</span> <span class='ocrx_word' id='word_1_261' title='bbox 442 2736 594 2773; x_wconf 62' lang='lat' dir='ltr'>Praesto</span> <span class='ocrx_word' id='word_1_262' title='bbox 625 2736 718 2771; x_wconf 89' lang='lat' dir='ltr'>mihi</span> <span class='ocrx_word' id='word_1_263' title='bbox 747 2735 898 2771; x_wconf 86' lang='lat' dir='ltr'>fuerunt</span> <span class='ocrx_word' id='word_1_264' title='bbox 927 2736 1102 2780; x_wconf 80' lang='lat' dir='ltr'>excerpta</span> <span class='ocrx_word' id='word_1_265' title='bbox 1133 2746 1177 2770; x_wconf 88' lang='lat' dir='ltr'>ex</span> <span class='ocrx_word' id='word_1_266' title='bbox 1202 2734 1392 2770; x_wconf 81' lang='lat' dir='ltr'>codicibus</span> <span class='ocrx_word' id='word_1_267' title='bbox 1417 2733 1534 2770; x_wconf 80' lang='lat' dir='ltr'>hisce:</span> <span class='ocrx_word' id='word_1_268' title='bbox 1578 2733 1786 2769; x_wconf 78' lang='lat' dir='ltr'>Burneiano</span> 
     </span>
    </p>
   </div>
   <div class='ocr_carea' id='block_1_13' title="bbox 263 2791 1786 2898">
    <p class='ocr_par' dir='ltr' id='par_1_15' title="bbox 263 2791 1786 2898">
     <span class='ocr_line' id='line_1_36' title="bbox 263 2791 1786 2840; baseline -0.002 -10"><span class='ocrx_word' id='word_1_269' title='bbox 263 2800 344 2840; x_wconf 87' lang='lat'>228,</span> <span class='ocrx_word' id='word_1_270' title='bbox 369 2795 538 2831; x_wconf 79' lang='lat' dir='ltr'>Parisino</span> <span class='ocrx_word' id='word_1_271' title='bbox 565 2797 667 2838; x_wconf 82' lang='lat'>7889,</span> <span class='ocrx_word' id='word_1_272' title='bbox 693 2794 953 2830; x_wconf 83' lang='lat' dir='ltr'>Laurentianis</span> <span class='ocrx_word' id='word_1_273' title='bbox 977 2794 1071 2839; x_wconf 90' lang='lat' dir='ltr'>plut.</span> <span class='ocrx_word' id='word_1_274' title='bbox 1091 2793 1246 2839; x_wconf 74' lang='lat' dir='ltr'>XXXVI</span> <span class='ocrx_word' id='word_1_275' title='bbox 1265 2797 1322 2838; x_wconf 82' lang='grc'>36,</span> <span class='ocrx_word' id='word_1_276' title='bbox 1341 2797 1399 2837; x_wconf 81' lang='grc'>37,</span> <span class='ocrx_word' id='word_1_277' title='bbox 1418 2796 1476 2838; x_wconf 86' lang='grc'>38,</span> <span class='ocrx_word' id='word_1_278' title='bbox 1496 2797 1540 2828; x_wconf 88' lang='grc'>39</span> <span class='ocrx_word' id='word_1_279' title='bbox 1566 2792 1626 2836; x_wconf 89' lang='lat' dir='ltr'>(de</span> <span class='ocrx_word' id='word_1_280' title='bbox 1653 2791 1786 2838; x_wconf 80' lang='lat' dir='ltr'>quibus</span> 
     </span>
     <span class='ocr_line' id='line_1_37' title="bbox 264 2850 1782 2898; baseline -0.002 -10"><span class='ocrx_word' id='word_1_281' title='bbox 264 2854 307 2891; x_wconf 82' lang='lat' dir='ltr'>cf.</span> <span class='ocrx_word' id='word_1_282' title='bbox 336 2853 529 2889; x_wconf 83' lang='lat' dir='ltr'>Ritschelii</span> <span class='ocrx_word' id='word_1_283' title='bbox 556 2853 669 2898; x_wconf 79' lang='lat' dir='ltr'>praef.</span> <span class='ocrx_word' id='word_1_284' title='bbox 697 2853 743 2888; x_wconf 90' lang='lat' dir='ltr'>ad</span> <span class='ocrx_word' id='word_1_285' title='bbox 771 2853 902 2888; x_wconf 86' lang='lat' dir='ltr'>Bacch.</span> <span class='ocrx_word' id='word_1_286' title='bbox 929 2865 963 2898; x_wconf 90' lang='lat' dir='ltr'>p.</span> <span class='ocrx_word' id='word_1_287' title='bbox 985 2853 1036 2888; x_wconf 93' lang='lat' dir='ltr'>VI</span> <span class='ocrx_word' id='word_1_288' title='bbox 1050 2855 1137 2897; x_wconf 80' lang='lat' dir='ltr'>sq.)3</span> <span class='ocrx_word' id='word_1_289' title='bbox 1163 2851 1336 2887; x_wconf 79' lang='lat' dir='ltr'>Leidensi</span> <span class='ocrx_word' id='word_1_290' title='bbox 1363 2851 1422 2896; x_wconf 84' lang='lat' dir='ltr'>(cf.</span> <span class='ocrx_word' id='word_1_291' title='bbox 1449 2850 1642 2886; x_wconf 79' lang='lat' dir='ltr'>Ritschelii</span> <span class='ocrx_word' id='word_1_292' title='bbox 1667 2850 1782 2896; x_wconf 80' lang='lat' dir='ltr'>praef.</span> 
     </span>
    </p>
   </div>
  </div>
 </body>
</html>
