<?xml version="1.0" encoding="UTF-8"?>
<!DOCTYPE html PUBLIC "-//W3C//DTD XHTML 1.0 Transitional//EN"
    "http://www.w3.org/TR/xhtml1/DTD/xhtml1-transitional.dtd">
<html xmlns="http://www.w3.org/1999/xhtml" xml:lang="en" lang="en">
 <head>
  <title>
</title>
<meta http-equiv="Content-Type" content="text/html;charset=utf-8" />
  <meta name='ocr-system' content='tesseract 3.04.00' />
  <meta name='ocr-capabilities' content='ocr_page ocr_carea ocr_par ocr_line ocrx_word'/>
</head>
<body>
  <div class='ocr_page' id='page_1' title='image "analectaplautina00schuoft_0222.png"; bbox 0 0 1904 3106; ppageno 0'>
   <div class='ocr_carea' id='block_1_1' title="bbox 891 103 1209 145">
    <p class='ocr_par' dir='ltr' id='par_1_1' title="bbox 891 103 1209 145">
     <span class='ocr_line' id='line_1_1' title="bbox 891 103 1209 145; baseline 0 0"><span class='ocrx_word' id='word_1_1' title='bbox 891 103 1209 145; x_wconf 74' lang='lat'>—208—</span> 
     </span>
    </p>
   </div>
   <div class='ocr_carea' id='block_1_2' title="bbox 276 207 1815 2267">
    <p class='ocr_par' dir='ltr' id='par_1_2' title="bbox 276 207 1815 2267">
     <span class='ocr_line' id='line_1_2' title="bbox 281 207 1809 265; baseline 0.001 -15"><span class='ocrx_word' id='word_1_2' title='bbox 281 208 352 251; x_wconf 68' lang='lat' dir='ltr'>‘ah</span> <span class='ocrx_word' id='word_1_3' title='bbox 384 207 508 250; x_wconf 73' lang='lat' dir='ltr'>dica&#39;.</span> <span class='ocrx_word' id='word_1_4' title='bbox 569 207 680 250; x_wconf 93' lang='lat' dir='ltr'>Item</span> <span class='ocrx_word' id='word_1_5' title='bbox 720 208 774 250; x_wconf 92' lang='lat' dir='ltr'>ad</span> <span class='ocrx_word' id='word_1_6' title='bbox 811 208 1169 264; x_wconf 69' lang='lat' dir='ltr'>orthographiam</span> <span class='ocrx_word' id='word_1_7' title='bbox 1206 209 1411 264; x_wconf 86' lang='lat' dir='ltr'>pertinet,</span> <span class='ocrx_word' id='word_1_8' title='bbox 1449 208 1563 265; x_wconf 91' lang='lat' dir='ltr'>quod</span> <span class='ocrx_word' id='word_1_9' title='bbox 1591 208 1673 261; x_wconf 90' lang='lat' dir='ltr'>IV,</span> <span class='ocrx_word' id='word_1_10' title='bbox 1709 211 1729 252; x_wconf 94' lang='grc'><strong>1</strong></span> <span class='ocrx_word' id='word_1_11' title='bbox 1738 243 1750 265; x_wconf 85' lang='lat'><em>‚</em></span> <span class='ocrx_word' id='word_1_12' title='bbox 1780 210 1809 253; x_wconf 82' lang='lat'>5</span> 
     </span>
     <span class='ocr_line' id='line_1_3' title="bbox 282 280 1806 335; baseline 0.001 -14"><span class='ocrx_word' id='word_1_13' title='bbox 282 294 304 321; x_wconf 86' lang='lat' dir='ltr'>e</span> <span class='ocrx_word' id='word_1_14' title='bbox 329 294 492 334; x_wconf 77' lang='lat' dir='ltr'>quomq’</span> <span class='ocrx_word' id='word_1_15' title='bbox 520 281 601 322; x_wconf 77' lang='lat' dir='ltr'>mci</span> <span class='ocrx_word' id='word_1_16' title='bbox 618 281 747 322; x_wconf 78' lang='lat' dir='ltr'>sciam</span> <span class='ocrx_word' id='word_1_17' title='bbox 771 295 859 323; x_wconf 87' lang='lat' dir='ltr'>non</span> <span class='ocrx_word' id='word_1_18' title='bbox 884 282 1206 335; x_wconf 74' lang='lat' dir='ltr'><em>conquiniscam,</em></span> <span class='ocrx_word' id='word_1_19' title='bbox 1233 280 1308 323; x_wconf 90' lang='lat' dir='ltr'>sed</span> <span class='ocrx_word' id='word_1_20' title='bbox 1336 281 1644 334; x_wconf 68' lang='lat' dir='ltr'>emaqueniscam</span> <span class='ocrx_word' id='word_1_21' title='bbox 1670 281 1806 323; x_wconf 88' lang='lat' dir='ltr'>elicio.</span> 
     </span>
     <span class='ocr_line' id='line_1_4' title="bbox 400 350 1025 407; baseline 0.002 -15"><span class='ocrx_word' id='word_1_22' title='bbox 400 350 654 393; x_wconf 89' lang='lat' dir='ltr'>Aululariae</span> <span class='ocrx_word' id='word_1_23' title='bbox 684 350 718 406; x_wconf 86' lang='lat' dir='ltr'>I,</span> <span class='ocrx_word' id='word_1_24' title='bbox 753 352 791 406; x_wconf 84' lang='lat'>1,</span> <span class='ocrx_word' id='word_1_25' title='bbox 822 352 877 393; x_wconf 83' lang='lat'>37</span> <span class='ocrx_word' id='word_1_26' title='bbox 911 366 1025 407; x_wconf 90' lang='lat' dir='ltr'>sqq.:</span> 
     </span>
     <span class='ocr_line' id='line_1_5' title="bbox 726 422 1566 479; baseline 0 -15"><span class='ocrx_word' id='word_1_27' title='bbox 726 456 735 464; x_wconf 90' lang='lat'>.</span> <span class='ocrx_word' id='word_1_28' title='bbox 768 456 776 464; x_wconf 94' lang='lat'><strong>.</strong></span> <span class='ocrx_word' id='word_1_29' title='bbox 808 423 947 478; x_wconf 78' lang='lat' dir='ltr'>neque</span> <span class='ocrx_word' id='word_1_30' title='bbox 978 423 1206 479; x_wconf 90' lang='lat' dir='ltr'>quicquam</span> <span class='ocrx_word' id='word_1_31' title='bbox 1239 423 1415 465; x_wconf 79' lang='lat' dir='ltr'>meliust</span> <span class='ocrx_word' id='word_1_32' title='bbox 1444 422 1566 478; x_wconf 90' lang='lat' dir='ltr'>mihi,</span> 
     </span>
     <span class='ocr_line' id='line_1_6' title="bbox 429 492 1691 549; baseline 0 -13"><span class='ocrx_word' id='word_1_33' title='bbox 429 493 491 536; x_wconf 89' lang='lat' dir='ltr'>Ut</span> <span class='ocrx_word' id='word_1_34' title='bbox 522 492 691 549; x_wconf 81' lang='lat' dir='ltr'>opinor,</span> <span class='ocrx_word' id='word_1_35' title='bbox 724 508 853 549; x_wconf 89' lang='lat' dir='ltr'>quam</span> <span class='ocrx_word' id='word_1_36' title='bbox 886 509 936 538; x_wconf 86' lang='lat' dir='ltr'>ex</span> <span class='ocrx_word' id='word_1_37' title='bbox 969 509 1036 536; x_wconf 92' lang='lat' dir='ltr'>me</span> <span class='ocrx_word' id='word_1_38' title='bbox 1068 497 1116 536; x_wconf 90' lang='lat' dir='ltr'>ut</span> <span class='ocrx_word' id='word_1_39' title='bbox 1147 498 1277 537; x_wconf 76' lang='lat' dir='ltr'>unam</span> <span class='ocrx_word' id='word_1_40' title='bbox 1308 494 1466 536; x_wconf 87' lang='lat' dir='ltr'>faciam</span> <span class='ocrx_word' id='word_1_41' title='bbox 1497 492 1691 536; x_wconf 77' lang='lat' dir='ltr'>litteram</span> 
     </span>
     <span class='ocr_line' id='line_1_7' title="bbox 430 563 1711 622; baseline 0 -16"><span class='ocrx_word' id='word_1_42' title='bbox 430 564 640 620; x_wconf 78' lang='lat' dir='ltr'>Longam,</span> <span class='ocrx_word' id='word_1_43' title='bbox 672 579 816 607; x_wconf 91' lang='lat' dir='ltr'>meum</span> <span class='ocrx_word' id='word_1_44' title='bbox 847 565 1001 621; x_wconf 88' lang='lat' dir='ltr'>laqueo</span> <span class='ocrx_word' id='word_1_45' title='bbox 1034 566 1191 608; x_wconf 79' lang='lat' dir='ltr'>collum</span> <span class='ocrx_word' id='word_1_46' title='bbox 1224 565 1394 622; x_wconf 87' lang='lat' dir='ltr'>quando</span> <span class='ocrx_word' id='word_1_47' title='bbox 1426 563 1711 607; x_wconf 78' lang='lat' dir='ltr'>obstrinxero.</span> 
     </span>
     <span class='ocr_line' id='line_1_8' title="bbox 281 635 1810 692; baseline -0.001 -14"><span class='ocrx_word' id='word_1_48' title='bbox 281 635 516 678; x_wconf 86' lang='lat' dir='ltr'>Molestum</span> <span class='ocrx_word' id='word_1_49' title='bbox 560 635 759 691; x_wconf 85' lang='lat' dir='ltr'>idemque</span> <span class='ocrx_word' id='word_1_50' title='bbox 803 637 1034 692; x_wconf 85' lang='lat' dir='ltr'>perplexae</span> <span class='ocrx_word' id='word_1_51' title='bbox 1078 637 1307 679; x_wconf 83' lang='lat' dir='ltr'>verborum</span> <span class='ocrx_word' id='word_1_52' title='bbox 1352 636 1649 679; x_wconf 77' lang='lat' dir='ltr'>collocationis</span> <span class='ocrx_word' id='word_1_53' title='bbox 1694 635 1810 677; x_wconf 86' lang='lat' dir='ltr'>addi-</span> 
     </span>
     <span class='ocr_line' id='line_1_9' title="bbox 281 707 1810 762; baseline -0.001 -13"><span class='ocrx_word' id='word_1_54' title='bbox 281 710 523 749; x_wconf 87' lang='lat' dir='ltr'>tamentum</span> <span class='ocrx_word' id='word_1_55' title='bbox 556 709 622 748; x_wconf 91' lang='lat' dir='ltr'>est</span> <span class='ocrx_word' id='word_1_56' title='bbox 661 721 796 749; x_wconf 78' lang='lat' dir='ltr'>mcum</span> <span class='ocrx_word' id='word_1_57' title='bbox 835 708 974 762; x_wconf 79' lang='lat' dir='ltr'>laqueo</span> <span class='ocrx_word' id='word_1_58' title='bbox 1005 709 1153 750; x_wconf 80' lang='lat' dir='ltr'>collum</span> <span class='ocrx_word' id='word_1_59' title='bbox 1182 709 1346 762; x_wconf 74' lang='lat' dir='ltr'>quando</span> <span class='ocrx_word' id='word_1_60' title='bbox 1377 708 1627 750; x_wconf 75' lang='lat' dir='ltr'>obstrinoecro</span> <span class='ocrx_word' id='word_1_61' title='bbox 1665 709 1708 749; x_wconf 90' lang='lat' dir='ltr'>et</span> <span class='ocrx_word' id='word_1_62' title='bbox 1741 707 1810 748; x_wconf 86' lang='lat' dir='ltr'>sat</span> 
     </span>
     <span class='ocr_line' id='line_1_10' title="bbox 282 778 1151 836; baseline 0.003 -17"><span class='ocrx_word' id='word_1_63' title='bbox 282 778 389 820; x_wconf 90' lang='lat' dir='ltr'>mire</span> <span class='ocrx_word' id='word_1_64' title='bbox 420 778 584 819; x_wconf 89' lang='lat' dir='ltr'>dictum</span> <span class='ocrx_word' id='word_1_65' title='bbox 616 778 723 819; x_wconf 90' lang='lat' dir='ltr'>illud</span> <span class='ocrx_word' id='word_1_66' title='bbox 748 793 889 820; x_wconf 79' lang='lat' dir='ltr'>unam.</span> <span class='ocrx_word' id='word_1_67' title='bbox 951 778 1151 836; x_wconf 82' lang='lat' dir='ltr'>Corrigo:</span> 
     </span>
     <span class='ocr_line' id='line_1_11' title="bbox 658 850 1491 906; baseline 0 -15"><span class='ocrx_word' id='word_1_68' title='bbox 658 882 666 891; x_wconf 95' lang='lat'>.</span> <span class='ocrx_word' id='word_1_69' title='bbox 699 882 708 891; x_wconf 93' lang='lat'>.</span> <span class='ocrx_word' id='word_1_70' title='bbox 739 850 875 905; x_wconf 73' lang='lat' dir='ltr'>neque</span> <span class='ocrx_word' id='word_1_71' title='bbox 907 851 1136 906; x_wconf 88' lang='lat' dir='ltr'>quicquam</span> <span class='ocrx_word' id='word_1_72' title='bbox 1168 851 1342 893; x_wconf 77' lang='lat' dir='ltr'>meliust</span> <span class='ocrx_word' id='word_1_73' title='bbox 1372 850 1491 905; x_wconf 88' lang='lat' dir='ltr'>mihi,</span> 
     </span>
     <span class='ocr_line' id='line_1_12' title="bbox 388 919 1704 977; baseline 0.001 -15"><span class='ocrx_word' id='word_1_74' title='bbox 388 919 450 962; x_wconf 91' lang='lat' dir='ltr'>Ut</span> <span class='ocrx_word' id='word_1_75' title='bbox 480 919 645 975; x_wconf 79' lang='lat' dir='ltr'>opinor,</span> <span class='ocrx_word' id='word_1_76' title='bbox 678 936 808 976; x_wconf 89' lang='lat' dir='ltr'>quam</span> <span class='ocrx_word' id='word_1_77' title='bbox 840 936 891 963; x_wconf 87' lang='lat' dir='ltr'>ex</span> <span class='ocrx_word' id='word_1_78' title='bbox 922 936 990 963; x_wconf 90' lang='lat' dir='ltr'>me</span> <span class='ocrx_word' id='word_1_79' title='bbox 1022 925 1070 964; x_wconf 92' lang='lat' dir='ltr'>ut</span> <span class='ocrx_word' id='word_1_80' title='bbox 1101 922 1279 977; x_wconf 82' lang='lat' dir='ltr'>longam</span> <span class='ocrx_word' id='word_1_81' title='bbox 1311 922 1469 964; x_wconf 85' lang='lat' dir='ltr'>faciam</span> <span class='ocrx_word' id='word_1_82' title='bbox 1499 920 1704 963; x_wconf 78' lang='lat' dir='ltr'>litteram.</span> 
     </span>
     <span class='ocr_line' id='line_1_13' title="bbox 401 991 730 1047; baseline 0.003 -14"><span class='ocrx_word' id='word_1_83' title='bbox 401 991 457 1045; x_wconf 88' lang='lat' dir='ltr'>II,</span> <span class='ocrx_word' id='word_1_84' title='bbox 488 992 528 1046; x_wconf 86' lang='lat'>4,</span> <span class='ocrx_word' id='word_1_85' title='bbox 561 992 616 1034; x_wconf 87' lang='lat'>39</span> <span class='ocrx_word' id='word_1_86' title='bbox 651 1007 730 1047; x_wconf 88' lang='lat' dir='ltr'>sq.:</span> 
     </span>
     <span class='ocr_line' id='line_1_14' title="bbox 495 1062 1591 1119; baseline 0 -14"><span class='ocrx_word' id='word_1_87' title='bbox 495 1062 640 1105; x_wconf 89' lang='lat' dir='ltr'>Homo</span> <span class='ocrx_word' id='word_1_88' title='bbox 674 1063 727 1105; x_wconf 76' lang='lat' dir='ltr'>ad</span> <span class='ocrx_word' id='word_1_89' title='bbox 758 1066 1006 1118; x_wconf 89' lang='lat' dir='ltr'>praetorem</span> <span class='ocrx_word' id='word_1_90' title='bbox 1037 1064 1420 1119; x_wconf 73' lang='lat' dir='ltr'>deplorabundlis</span> <span class='ocrx_word' id='word_1_91' title='bbox 1451 1063 1591 1106; x_wconf 90' lang='lat' dir='ltr'>uenit:</span> 
     </span>
     <span class='ocr_line' id='line_1_15' title="bbox 493 1114 1506 1191; baseline 0.001 -16"><span class='ocrx_word' id='word_1_92' title='bbox 493 1114 602 1176; x_wconf 75' lang='lat' dir='ltr'>lnfi&#39;t</span> <span class='ocrx_word' id='word_1_93' title='bbox 632 1134 694 1176; x_wconf 91' lang='lat' dir='ltr'>ibi</span> <span class='ocrx_word' id='word_1_94' title='bbox 725 1135 960 1190; x_wconf 75' lang='lat' dir='ltr'>postulare,</span> <span class='ocrx_word' id='word_1_95' title='bbox 990 1136 1223 1191; x_wconf 87' lang='lat' dir='ltr'>plorans,</span> <span class='ocrx_word' id='word_1_96' title='bbox 1256 1136 1422 1178; x_wconf 77' lang='lat' dir='ltr'>eiulans</span> <span class='ocrx_word' id='word_1_97' title='bbox 1455 1169 1465 1178; x_wconf 87' lang='lat'><strong>.</strong></span> <span class='ocrx_word' id='word_1_98' title='bbox 1496 1168 1506 1176; x_wconf 85' lang='lat'><strong>.</strong></span> 
     </span>
     <span class='ocr_line' id='line_1_16' title="bbox 283 1203 1811 1262; baseline -0.003 -13"><span class='ocrx_word' id='word_1_99' title='bbox 283 1205 476 1249; x_wconf 87' lang='lat' dir='ltr'>Offendit</span> <span class='ocrx_word' id='word_1_100' title='bbox 507 1220 575 1247; x_wconf 90' lang='lat' dir='ltr'>me</span> <span class='ocrx_word' id='word_1_101' title='bbox 607 1205 674 1247; x_wconf 85' lang='lat' dir='ltr'>bis</span> <span class='ocrx_word' id='word_1_102' title='bbox 706 1207 899 1261; x_wconf 90' lang='lat' dir='ltr'>positum</span> <span class='ocrx_word' id='word_1_103' title='bbox 929 1207 1128 1261; x_wconf 89' lang='lat' dir='ltr'>plorandi</span> <span class='ocrx_word' id='word_1_104' title='bbox 1153 1207 1333 1249; x_wconf 87' lang='lat' dir='ltr'>verbum</span> <span class='ocrx_word' id='word_1_105' title='bbox 1358 1221 1496 1262; x_wconf 88' lang='lat' dir='ltr'>neque</span> <span class='ocrx_word' id='word_1_106' title='bbox 1523 1205 1638 1248; x_wconf 90' lang='lat' dir='ltr'>ullus</span> <span class='ocrx_word' id='word_1_107' title='bbox 1663 1203 1811 1246; x_wconf 87' lang='lat' dir='ltr'>dubito</span> 
     </span>
     <span class='ocr_line' id='line_1_17' title="bbox 284 1275 1814 1333; baseline -0.001 -14"><span class='ocrx_word' id='word_1_108' title='bbox 284 1277 389 1333; x_wconf 88' lang='lat' dir='ltr'>quin</span> <span class='ocrx_word' id='word_1_109' title='bbox 413 1276 597 1319; x_wconf 83' lang='lat' dir='ltr'>Plautus</span> <span class='ocrx_word' id='word_1_110' title='bbox 624 1276 687 1318; x_wconf 89' lang='lat' dir='ltr'>ita</span> <span class='ocrx_word' id='word_1_111' title='bbox 717 1291 805 1319; x_wconf 89' lang='lat' dir='ltr'>non</span> <span class='ocrx_word' id='word_1_112' title='bbox 837 1277 1068 1332; x_wconf 79' lang='lat' dir='ltr'>scripserit.</span> <span class='ocrx_word' id='word_1_113' title='bbox 1130 1277 1313 1320; x_wconf 76' lang='lat' dir='ltr'>Plorans</span> <span class='ocrx_word' id='word_1_114' title='bbox 1343 1281 1502 1332; x_wconf 83' lang='lat' dir='ltr'>autem,</span> <span class='ocrx_word' id='word_1_115' title='bbox 1533 1276 1646 1332; x_wconf 86' lang='lat' dir='ltr'>quod</span> <span class='ocrx_word' id='word_1_116' title='bbox 1678 1275 1814 1318; x_wconf 84' lang='lat' dir='ltr'>habes</span> 
     </span>
     <span class='ocr_line' id='line_1_18' title="bbox 281 1346 1815 1403; baseline -0.001 -13"><span class='ocrx_word' id='word_1_117' title='bbox 281 1348 327 1390; x_wconf 92' lang='lat' dir='ltr'>in</span> <span class='ocrx_word' id='word_1_118' title='bbox 355 1348 494 1391; x_wconf 89' lang='lat' dir='ltr'>altero</span> <span class='ocrx_word' id='word_1_119' title='bbox 521 1362 660 1402; x_wconf 66' lang='lat' dir='ltr'>verm,</span> <span class='ocrx_word' id='word_1_120' title='bbox 683 1348 841 1402; x_wconf 69' lang='lat' dir='ltr'>pipam</span> <span class='ocrx_word' id='word_1_121' title='bbox 869 1349 1068 1391; x_wconf 81' lang='lat' dir='ltr'>vocabuli</span> <span class='ocrx_word' id='word_1_122' title='bbox 1094 1349 1184 1390; x_wconf 88' lang='lat' dir='ltr'>sive</span> <span class='ocrx_word' id='word_1_123' title='bbox 1210 1349 1429 1403; x_wconf 86' lang='lat' dir='ltr'>glossema</span> <span class='ocrx_word' id='word_1_124' title='bbox 1454 1348 1543 1390; x_wconf 88' lang='lat' dir='ltr'>sive</span> <span class='ocrx_word' id='word_1_125' title='bbox 1569 1346 1815 1402; x_wconf 83' lang='lat' dir='ltr'>corruptela</span> 
     </span>
     <span class='ocr_line' id='line_1_19' title="bbox 284 1418 1815 1474; baseline -0.003 -12"><span class='ocrx_word' id='word_1_126' title='bbox 284 1422 360 1462; x_wconf 89' lang='lat' dir='ltr'>est.</span> <span class='ocrx_word' id='word_1_127' title='bbox 421 1419 577 1474; x_wconf 76' lang='lat' dir='ltr'>Pipare</span> <span class='ocrx_word' id='word_1_128' title='bbox 616 1418 796 1460; x_wconf 89' lang='lat' dir='ltr'>verbum</span> <span class='ocrx_word' id='word_1_129' title='bbox 840 1419 1059 1462; x_wconf 85' lang='lat' dir='ltr'>exstitisse</span> <span class='ocrx_word' id='word_1_130' title='bbox 1106 1419 1232 1462; x_wconf 86' lang='lat' dir='ltr'>docet</span> <span class='ocrx_word' id='word_1_131' title='bbox 1279 1419 1597 1462; x_wconf 86' lang='lat' dir='ltr'>substantivum</span> <span class='ocrx_word' id='word_1_132' title='bbox 1636 1418 1815 1472; x_wconf 75' lang='lat' dir='ltr'>pipatio‚</span> 
     </span>
     <span class='ocr_line' id='line_1_20' title="bbox 283 1483 1814 1545; baseline -0.001 -13"><span class='ocrx_word' id='word_1_133' title='bbox 283 1491 402 1532; x_wconf 88' lang='lat' dir='ltr'>cuius</span> <span class='ocrx_word' id='word_1_134' title='bbox 431 1490 543 1545; x_wconf 90' lang='lat' dir='ltr'>apud</span> <span class='ocrx_word' id='word_1_135' title='bbox 563 1489 743 1532; x_wconf 83' lang='lat' dir='ltr'>Festum</span> <span class='ocrx_word' id='word_1_136' title='bbox 763 1483 888 1532; x_wconf 77' lang='lat' dir='ltr'>Pauli</span> <span class='ocrx_word' id='word_1_137' title='bbox 917 1491 1080 1532; x_wconf 89' lang='lat' dir='ltr'>mentio</span> <span class='ocrx_word' id='word_1_138' title='bbox 1106 1490 1156 1532; x_wconf 89' lang='lat' dir='ltr'>fit</span> <span class='ocrx_word' id='word_1_139' title='bbox 1182 1491 1228 1532; x_wconf 89' lang='lat' dir='ltr'>in</span> <span class='ocrx_word' id='word_1_140' title='bbox 1251 1490 1365 1532; x_wconf 90' lang='lat' dir='ltr'>hunc</span> <span class='ocrx_word' id='word_1_141' title='bbox 1390 1489 1564 1532; x_wconf 89' lang='lat' dir='ltr'>modum</span> <span class='ocrx_word' id='word_1_142' title='bbox 1587 1504 1627 1544; x_wconf 89' lang='lat' dir='ltr'>p.</span> <span class='ocrx_word' id='word_1_143' title='bbox 1647 1489 1746 1543; x_wconf 80' lang='lat'><strong>212,</strong></span> <span class='ocrx_word' id='word_1_144' title='bbox 1765 1488 1814 1530; x_wconf 87' lang='lat'>9:</span> 
     </span>
     <span class='ocr_line' id='line_1_21' title="bbox 276 1559 1814 1616; baseline -0.001 -13"><span class='ocrx_word' id='word_1_145' title='bbox 276 1562 333 1616; x_wconf 75' lang='lat' dir='ltr'>pi</span> <span class='ocrx_word' id='word_1_146' title='bbox 333 1562 477 1615; x_wconf 76' lang='lat' dir='ltr'>patio</span> <span class='ocrx_word' id='word_1_147' title='bbox 499 1572 510 1602; x_wconf 71' lang='grc' dir='ltr'><strong><em>ε</em></strong></span> <span class='ocrx_word' id='word_1_148' title='bbox 532 1561 687 1603; x_wconf 80' lang='lat' dir='ltr'>clamor</span> <span class='ocrx_word' id='word_1_149' title='bbox 735 1561 943 1615; x_wconf 75' lang='lat' dir='ltr'>plorantis</span> <span class='ocrx_word' id='word_1_150' title='bbox 995 1562 1139 1616; x_wconf 68' lang='lat' dir='ltr'>linqua</span> <span class='ocrx_word' id='word_1_151' title='bbox 1189 1561 1394 1604; x_wconf 77' lang='lat' dir='ltr'>Oscorum.</span> <span class='ocrx_word' id='word_1_152' title='bbox 1472 1559 1612 1603; x_wconf 86' lang='lat' dir='ltr'>Multo</span> <span class='ocrx_word' id='word_1_153' title='bbox 1669 1561 1814 1602; x_wconf 90' lang='lat' dir='ltr'>autem</span> 
     </span>
     <span class='ocr_line' id='line_1_22' title="bbox 284 1631 1814 1688; baseline -0.002 -14"><span class='ocrx_word' id='word_1_154' title='bbox 284 1632 417 1675; x_wconf 88' lang='lat' dir='ltr'>etiam</span> <span class='ocrx_word' id='word_1_155' title='bbox 461 1631 794 1674; x_wconf 82' lang='lat' dir='ltr'>luculentiorem</span> <span class='ocrx_word' id='word_1_156' title='bbox 837 1632 1029 1674; x_wconf 91' lang='lat' dir='ltr'>eiusdem</span> <span class='ocrx_word' id='word_1_157' title='bbox 1077 1633 1281 1675; x_wconf 87' lang='lat' dir='ltr'>notitiam</span> <span class='ocrx_word' id='word_1_158' title='bbox 1328 1632 1553 1688; x_wconf 85' lang='lat' dir='ltr'>glossariis</span> <span class='ocrx_word' id='word_1_159' title='bbox 1596 1631 1814 1674; x_wconf 86' lang='lat' dir='ltr'>debemus.</span> 
     </span>
     <span class='ocr_line' id='line_1_23' title="bbox 283 1701 1814 1758; baseline -0.002 -12"><span class='ocrx_word' id='word_1_160' title='bbox 283 1703 377 1746; x_wconf 90' lang='lat' dir='ltr'>Usu</span> <span class='ocrx_word' id='word_1_161' title='bbox 407 1718 561 1758; x_wconf 89' lang='lat' dir='ltr'>nempe</span> <span class='ocrx_word' id='word_1_162' title='bbox 590 1703 789 1746; x_wconf 86' lang='lat' dir='ltr'>veniebat</span> <span class='ocrx_word' id='word_1_163' title='bbox 821 1703 871 1745; x_wconf 92' lang='lat' dir='ltr'>de</span> <span class='ocrx_word' id='word_1_164' title='bbox 898 1707 1111 1746; x_wconf 85' lang='lat' dir='ltr'>certarum</span> <span class='ocrx_word' id='word_1_165' title='bbox 1137 1704 1280 1746; x_wconf 87' lang='lat' dir='ltr'>avium</span> <span class='ocrx_word' id='word_1_166' title='bbox 1307 1703 1507 1757; x_wconf 83' lang='lat' dir='ltr'>clamore,</span> <span class='ocrx_word' id='word_1_167' title='bbox 1537 1701 1649 1744; x_wconf 88' lang='lat' dir='ltr'>unde</span> <span class='ocrx_word' id='word_1_168' title='bbox 1673 1704 1814 1744; x_wconf 85' lang='lat' dir='ltr'>trans-</span> 
     </span>
     <span class='ocr_line' id='line_1_24' title="bbox 284 1771 1813 1828; baseline -0.001 -13"><span class='ocrx_word' id='word_1_169' title='bbox 284 1774 505 1816; x_wconf 85' lang='lat' dir='ltr'>ferebatur</span> <span class='ocrx_word' id='word_1_170' title='bbox 549 1774 603 1816; x_wconf 90' lang='lat' dir='ltr'>ad</span> <span class='ocrx_word' id='word_1_171' title='bbox 653 1774 853 1816; x_wconf 85' lang='lat' dir='ltr'>acerbam</span> <span class='ocrx_word' id='word_1_172' title='bbox 903 1774 1270 1817; x_wconf 86' lang='lat' dir='ltr'>vociferationem.</span> <span class='ocrx_word' id='word_1_173' title='bbox 1346 1772 1546 1828; x_wconf 81' lang='lat' dir='ltr'>‘Pipant&#39;</span> <span class='ocrx_word' id='word_1_174' title='bbox 1597 1771 1813 1828; x_wconf 87' lang='lat' dir='ltr'>accipiter,</span> 
     </span>
     <span class='ocr_line' id='line_1_25' title="bbox 285 1845 701 1900; baseline 0 -14"><span class='ocrx_word' id='word_1_175' title='bbox 285 1845 503 1900; x_wconf 78' lang='lat' dir='ltr'>columba,</span> <span class='ocrx_word' id='word_1_176' title='bbox 534 1859 701 1899; x_wconf 89' lang='lat' dir='ltr'>passer:</span> 
     </span>
     <span class='ocr_line' id='line_1_26' title="bbox 492 1916 1278 1970; baseline 0 -12"><span class='ocrx_word' id='word_1_177' title='bbox 492 1916 846 1970; x_wconf 74' lang='lat' dir='ltr'>pipimzculus:</span> <span class='ocrx_word' id='word_1_178' title='bbox 865 1917 1066 1970; x_wconf 75' lang='lat' dir='ltr'>accipiter,</span> <span class='ocrx_word' id='word_1_179' title='bbox 1097 1919 1278 1970; x_wconf 73' lang='lat' dir='ltr'>acceptor</span> 
     </span>
     <span class='ocr_line' id='line_1_27' title="bbox 430 1981 1813 2031; baseline -0.001 -12"><span class='ocrx_word' id='word_1_180' title='bbox 430 1984 602 2019; x_wconf 79' lang='lat' dir='ltr'>‘abavus’</span> <span class='ocrx_word' id='word_1_181' title='bbox 642 1985 852 2031; x_wconf 86' lang='lat' dir='ltr'>glossarum</span> <span class='ocrx_word' id='word_1_182' title='bbox 888 1986 1047 2030; x_wconf 86' lang='lat' dir='ltr'>utraque</span> <span class='ocrx_word' id='word_1_183' title='bbox 1084 1984 1281 2020; x_wconf 89' lang='lat' dir='ltr'>memoria:</span> <span class='ocrx_word' id='word_1_184' title='bbox 1321 1982 1401 2019; x_wconf 88' lang='lat' dir='ltr'>cod.</span> <span class='ocrx_word' id='word_1_185' title='bbox 1434 1981 1694 2018; x_wconf 80' lang='lat' dir='ltr'>christinensis</span> <span class='ocrx_word' id='word_1_186' title='bbox 1725 1985 1813 2026; x_wconf 82' lang='grc' dir='ltr'>31ος</span> 
     </span>
     <span class='ocr_line' id='line_1_28' title="bbox 428 2040 1811 2089; baseline -0.002 -11"><span class='ocrx_word' id='word_1_187' title='bbox 428 2044 507 2080; x_wconf 84' lang='lat' dir='ltr'>cod.</span> <span class='ocrx_word' id='word_1_188' title='bbox 541 2043 744 2079; x_wconf 86' lang='lat' dir='ltr'>Vossianus</span> <span class='ocrx_word' id='word_1_189' title='bbox 776 2044 855 2079; x_wconf 88' lang='lat' dir='ltr'>Fol.</span> <span class='ocrx_word' id='word_1_190' title='bbox 888 2047 951 2086; x_wconf 77' lang='lat'>823</span> <span class='ocrx_word' id='word_1_191' title='bbox 985 2044 1130 2089; x_wconf 82' lang='lat' dir='ltr'>glossae</span> <span class='ocrx_word' id='word_1_192' title='bbox 1158 2042 1323 2078; x_wconf 80' lang='lat' dir='ltr'>‘Isidori’</span> <span class='ocrx_word' id='word_1_193' title='bbox 1358 2054 1392 2087; x_wconf 88' lang='lat' dir='ltr'>p.</span> <span class='ocrx_word' id='word_1_194' title='bbox 1420 2044 1501 2086; x_wconf 84' lang='lat'><strong>689,</strong></span> <span class='ocrx_word' id='word_1_195' title='bbox 1527 2045 1591 2084; x_wconf 74' lang='lat'>553</span> <span class='ocrx_word' id='word_1_196' title='bbox 1623 2040 1702 2076; x_wconf 88' lang='lat' dir='ltr'>eod.</span> <span class='ocrx_word' id='word_1_197' title='bbox 1730 2040 1811 2076; x_wconf 84' lang='lat' dir='ltr'>Lei-</span> 
     </span>
     <span class='ocr_line' id='line_1_29' title="bbox 427 2099 1812 2149; baseline -0.001 -12"><span class='ocrx_word' id='word_1_198' title='bbox 427 2102 550 2138; x_wconf 88' lang='lat' dir='ltr'>densis</span> <span class='ocrx_word' id='word_1_199' title='bbox 577 2103 658 2138; x_wconf 75' lang='lat' dir='ltr'>‹57F</span> <span class='ocrx_word' id='word_1_200' title='bbox 669 2103 682 2123; x_wconf 85' lang='lat'>³</span> <span class='ocrx_word' id='word_1_201' title='bbox 715 2104 965 2148; x_wconf 77' lang='lat' dir='ltr'>(piunculus);</span> <span class='ocrx_word' id='word_1_202' title='bbox 1004 2103 1114 2149; x_wconf 86' lang='lat' dir='ltr'>gloss.</span> <span class='ocrx_word' id='word_1_203' title='bbox 1146 2101 1391 2137; x_wconf 87' lang='lat' dir='ltr'>Hildebrandi</span> <span class='ocrx_word' id='word_1_204' title='bbox 1427 2113 1464 2146; x_wconf 90' lang='lat' dir='ltr'>p.</span> <span class='ocrx_word' id='word_1_205' title='bbox 1499 2100 1606 2135; x_wconf 77' lang='lat' dir='ltr'>241b</span> <span class='ocrx_word' id='word_1_206' title='bbox 1627 2103 1707 2136; x_wconf 82' lang='lat'><strong>233.</strong></span> <span class='ocrx_word' id='word_1_207' title='bbox 1757 2099 1812 2135; x_wconf 85' lang='lat' dir='ltr'>cf.</span> 
     </span>
     <span class='ocr_line' id='line_1_30' title="bbox 429 2159 1813 2207; baseline -0.002 -10"><span class='ocrx_word' id='word_1_208' title='bbox 429 2161 633 2197; x_wconf 87' lang='lat' dir='ltr'>Osbcrnum</span> <span class='ocrx_word' id='word_1_209' title='bbox 652 2174 687 2207; x_wconf 89' lang='lat' dir='ltr'>p.</span> <span class='ocrx_word' id='word_1_210' title='bbox 708 2167 777 2197; x_wconf 82' lang='lat'>472</span> <span class='ocrx_word' id='word_1_211' title='bbox 793 2174 832 2198; x_wconf 87' lang='lat' dir='ltr'>a:</span> <span class='ocrx_word' id='word_1_212' title='bbox 854 2162 1078 2207; x_wconf 75' lang='lat' dir='ltr'>pipiuncula</span> <span class='ocrx_word' id='word_1_213' title='bbox 1092 2171 1105 2197; x_wconf 69' lang='grc' dir='ltr'><strong>ε</strong></span> <span class='ocrx_word' id='word_1_214' title='bbox 1119 2162 1303 2205; x_wconf 80' lang='lat' dir='ltr'>accipiter,</span> <span class='ocrx_word' id='word_1_215' title='bbox 1323 2172 1348 2195; x_wconf 88' lang='grc' dir='ltr'>α</span> <span class='ocrx_word' id='word_1_216' title='bbox 1365 2160 1551 2205; x_wconf 73' lang='lat' dir='ltr'>pipiando</span> <span class='ocrx_word' id='word_1_217' title='bbox 1571 2159 1813 2204; x_wconf 75' lang='lat' dir='ltr'>(piptuncula</span> 
     </span>
     <span class='ocr_line' id='line_1_31' title="bbox 425 2221 740 2267; baseline 0 -11"><span class='ocrx_word' id='word_1_218' title='bbox 425 2221 606 2265; x_wconf 78' lang='lat' dir='ltr'>accipitur</span> <span class='ocrx_word' id='word_1_219' title='bbox 633 2221 740 2267; x_wconf 70' lang='lat' dir='ltr'>cod).</span> 
     </span>
    </p>
   </div>
   <div class='ocr_carea' id='block_1_3' title="bbox 423 2282 1811 2525">
    <p class='ocr_par' dir='ltr' id='par_1_3' title="bbox 489 2282 1185 2336">
     <span class='ocr_line' id='line_1_32' title="bbox 489 2282 1185 2336; baseline 0 -13"><span class='ocrx_word' id='word_1_220' title='bbox 489 2282 750 2336; x_wconf 71' lang='lat' dir='ltr'>pipiones:</span> <span class='ocrx_word' id='word_1_221' title='bbox 763 2283 875 2336; x_wconf 75' lang='lat' dir='ltr'>pulli</span> <span class='ocrx_word' id='word_1_222' title='bbox 906 2282 1185 2325; x_wconf 68' lang='lat' dir='ltr'>columbarum</span> 
     </span>
    </p>

    <p class='ocr_par' dir='ltr' id='par_1_4' title="bbox 426 2348 1797 2466">
     <span class='ocr_line' id='line_1_33' title="bbox 426 2348 1797 2397; baseline -0.001 -11"><span class='ocrx_word' id='word_1_223' title='bbox 426 2351 613 2386; x_wconf 87' lang='lat' dir='ltr'>Osbernus</span> <span class='ocrx_word' id='word_1_224' title='bbox 638 2364 673 2397; x_wconf 91' lang='lat' dir='ltr'>p.</span> <span class='ocrx_word' id='word_1_225' title='bbox 701 2355 769 2387; x_wconf 85' lang='lat'>483</span> <span class='ocrx_word' id='word_1_226' title='bbox 781 2352 816 2387; x_wconf 89' lang='lat' dir='ltr'>b.</span> <span class='ocrx_word' id='word_1_227' title='bbox 845 2351 986 2386; x_wconf 77' lang='lat' dir='ltr'>‘Voces</span> <span class='ocrx_word' id='word_1_228' title='bbox 1011 2349 1138 2386; x_wconf 86' lang='lat' dir='ltr'>variae</span> <span class='ocrx_word' id='word_1_229' title='bbox 1164 2349 1443 2385; x_wconf 84' lang='lat' dir='ltr'>animantium’:</span> <span class='ocrx_word' id='word_1_230' title='bbox 1465 2350 1603 2395; x_wconf 75' lang='lat' dir='ltr'>pipant</span> <span class='ocrx_word' id='word_1_231' title='bbox 1622 2348 1734 2394; x_wconf 79' lang='lat' dir='ltr'>pulli.</span> <span class='ocrx_word' id='word_1_232' title='bbox 1795 2364 1797 2366; x_wconf 60' lang='grc'>’</span> 
     </span>
     <span class='ocr_line' id='line_1_34' title="bbox 489 2412 1399 2466; baseline -0.001 -13"><span class='ocrx_word' id='word_1_233' title='bbox 489 2412 948 2466; x_wconf 66' lang='lat' dir='ltr'>pipatwonuicz’atur,</span> <span class='ocrx_word' id='word_1_234' title='bbox 980 2412 1155 2465; x_wconf 74' lang='lat' dir='ltr'>quiritat</span> <span class='ocrx_word' id='word_1_235' title='bbox 1184 2414 1230 2452; x_wconf 78' lang='lat' dir='ltr'>ut</span> <span class='ocrx_word' id='word_1_236' title='bbox 1251 2424 1399 2464; x_wconf 76' lang='lat' dir='ltr'>passer</span> 
     </span>
    </p>

    <p class='ocr_par' dir='ltr' id='par_1_5' title="bbox 423 2478 1811 2525">
     <span class='ocr_line' id='line_1_35' title="bbox 423 2478 1811 2525; baseline 0 -11"><span class='ocrx_word' id='word_1_237' title='bbox 423 2479 476 2515; x_wconf 86' lang='lat' dir='ltr'>sic</span> <span class='ocrx_word' id='word_1_238' title='bbox 513 2480 745 2516; x_wconf 84' lang='lat' dir='ltr'>scribendam</span> <span class='ocrx_word' id='word_1_239' title='bbox 781 2481 876 2517; x_wconf 87' lang='lat' dir='ltr'>duco</span> <span class='ocrx_word' id='word_1_240' title='bbox 912 2479 1166 2525; x_wconf 86' lang='lat' dir='ltr'>Sangallensis</span> <span class='ocrx_word' id='word_1_241' title='bbox 1199 2484 1267 2515; x_wconf 79' lang='grc'>912</span> <span class='ocrx_word' id='word_1_242' title='bbox 1299 2492 1334 2525; x_wconf 87' lang='lat' dir='ltr'>p.</span> <span class='ocrx_word' id='word_1_243' title='bbox 1368 2484 1437 2515; x_wconf 80' lang='lat'>218</span> <span class='ocrx_word' id='word_1_244' title='bbox 1474 2479 1636 2524; x_wconf 78' lang='lat' dir='ltr'>glossam</span> <span class='ocrx_word' id='word_1_245' title='bbox 1668 2478 1811 2524; x_wconf 78' lang='lat' dir='ltr'>pipa=</span> 
     </span>
    </p>
   </div>
   <div class='ocr_carea' id='block_1_4' title="bbox 424 2536 1812 2644">
    <p class='ocr_par' dir='ltr' id='par_1_6' title="bbox 424 2536 1812 2644">
     <span class='ocr_line' id='line_1_36' title="bbox 428 2536 1812 2585; baseline -0.001 -11"><span class='ocrx_word' id='word_1_246' title='bbox 428 2540 562 2584; x_wconf 53' lang='grc' dir='ltr'>ποίαις</span> <span class='ocrx_word' id='word_1_247' title='bbox 594 2542 707 2585; x_wconf 69' lang='grc' dir='ltr'>ᾷνίιαῦ</span> <span class='ocrx_word' id='word_1_248' title='bbox 733 2551 870 2585; x_wconf 79' lang='lat' dir='ltr'>passer.</span> <span class='ocrx_word' id='word_1_249' title='bbox 923 2539 975 2575; x_wconf 85' lang='lat' dir='ltr'>Cf.</span> <span class='ocrx_word' id='word_1_250' title='bbox 1002 2539 1167 2585; x_wconf 84' lang='lat' dir='ltr'>glossam</span> <span class='ocrx_word' id='word_1_251' title='bbox 1199 2539 1296 2574; x_wconf 89' lang='lat' dir='ltr'>infra</span> <span class='ocrx_word' id='word_1_252' title='bbox 1328 2539 1529 2574; x_wconf 83' lang='lat' dir='ltr'>excitatam</span> <span class='ocrx_word' id='word_1_253' title='bbox 1554 2536 1812 2583; x_wconf 64' lang='lat' dir='ltr'>quiritant</span> 
     </span>
     <span class='ocr_line' id='line_1_37' title="bbox 424 2598 1603 2644; baseline -0.002 -10"><span class='ocrx_word' id='word_1_254' title='bbox 424 2599 609 2644; x_wconf 76' lang='lat' dir='ltr'>pipularc.</span> <span class='ocrx_word' id='word_1_255' title='bbox 659 2599 714 2635; x_wconf 91' lang='lat' dir='ltr'>De</span> <span class='ocrx_word' id='word_1_256' title='bbox 743 2598 955 2644; x_wconf 79' lang='lat' dir='ltr'>‘queritare’</span> <span class='ocrx_word' id='word_1_257' title='bbox 985 2599 1106 2634; x_wconf 88' lang='lat' dir='ltr'>forma</span> <span class='ocrx_word' id='word_1_258' title='bbox 1130 2610 1164 2633; x_wconf 90' lang='lat' dir='ltr'>v.</span> <span class='ocrx_word' id='word_1_259' title='bbox 1191 2598 1434 2633; x_wconf 89' lang='lat' dir='ltr'>Prodromum</span> <span class='ocrx_word' id='word_1_260' title='bbox 1458 2610 1495 2644; x_wconf 86' lang='lat' dir='ltr'>p.</span> <span class='ocrx_word' id='word_1_261' title='bbox 1521 2602 1603 2634; x_wconf 86' lang='grc'><strong>316.</strong></span> 
     </span>
    </p>
   </div>
   <div class='ocr_carea' id='block_1_5' title="bbox 285 2657 1772 2714">
    <p class='ocr_par' dir='ltr' id='par_1_7' title="bbox 285 2657 1772 2714">
     <span class='ocr_line' id='line_1_38' title="bbox 285 2657 1772 2714; baseline -0.002 -12"><span class='ocrx_word' id='word_1_262' title='bbox 285 2660 458 2703; x_wconf 90' lang='lat' dir='ltr'>Latiore</span> <span class='ocrx_word' id='word_1_263' title='bbox 490 2674 618 2702; x_wconf 88' lang='lat' dir='ltr'>sensu</span> <span class='ocrx_word' id='word_1_264' title='bbox 657 2662 910 2714; x_wconf 87' lang='lat' dir='ltr'>usurpatum</span> <span class='ocrx_word' id='word_1_265' title='bbox 942 2674 1035 2701; x_wconf 87' lang='lat' dir='ltr'>esse</span> <span class='ocrx_word' id='word_1_266' title='bbox 1066 2659 1245 2701; x_wconf 87' lang='lat' dir='ltr'>verbum</span> <span class='ocrx_word' id='word_1_267' title='bbox 1277 2658 1480 2701; x_wconf 86' lang='lat' dir='ltr'>discimus</span> <span class='ocrx_word' id='word_1_268' title='bbox 1512 2673 1562 2700; x_wconf 88' lang='lat' dir='ltr'>ex</span> <span class='ocrx_word' id='word_1_269' title='bbox 1594 2657 1772 2713; x_wconf 85' lang='lat' dir='ltr'>glossis:</span> 
     </span>
    </p>
   </div>
   <div class='ocr_carea' id='block_1_6' title="bbox 429 2731 1110 2845">
    <p class='ocr_par' dir='ltr' id='par_1_8' title="bbox 429 2731 1110 2845">
     <span class='ocr_line' id='line_1_39' title="bbox 491 2731 908 2784; baseline -0.005 -11"><span class='ocrx_word' id='word_1_270' title='bbox 491 2731 700 2784; x_wconf 75' lang='lat' dir='ltr'>pipant:</span> <span class='ocrx_word' id='word_1_271' title='bbox 714 2733 908 2773; x_wconf 75' lang='lat' dir='ltr'>resonant</span> 
     </span>
     <span class='ocr_line' id='line_1_40' title="bbox 429 2799 1110 2845; baseline -0.003 -10"><span class='ocrx_word' id='word_1_272' title='bbox 429 2800 508 2836; x_wconf 93' lang='lat' dir='ltr'>cod.</span> <span class='ocrx_word' id='word_1_273' title='bbox 536 2799 804 2845; x_wconf 88' lang='lat' dir='ltr'>Amplonianus</span> <span class='ocrx_word' id='word_1_274' title='bbox 818 2799 828 2819; x_wconf 93' lang='lat'>¹</span> <span class='ocrx_word' id='word_1_275' title='bbox 849 2811 884 2844; x_wconf 86' lang='lat' dir='ltr'>p.</span> <span class='ocrx_word' id='word_1_276' title='bbox 910 2803 978 2834; x_wconf 80' lang='lat'>362</span> <span class='ocrx_word' id='word_1_277' title='bbox 992 2799 1015 2834; x_wconf 95' lang='lat' dir='ltr'>b</span> <span class='ocrx_word' id='word_1_278' title='bbox 1031 2802 1110 2834; x_wconf 82' lang='grc'>248.</span> 
     </span>
    </p>
   </div>
  </div>
 </body>
</html>
