1904 3106
918 65 1214 106 ,43-

302 182 327 208 a
357 167 547 209 librariis
581 169 827 223 suppletum
859 172 941 224 est,
987 169 1279 224 septenarium
1311 169 1578 212 trochaicum
1609 171 1832 213 constitui-

299 252 396 279 mus
440 253 715 282 numerorum
754 241 1026 283 vehementia
1070 242 1260 297 itemque
1299 242 1484 296 abrupta
1523 241 1833 285 exclamatione

300 309 537 366 insignem:

360 403 574 460 Strepitus
607 407 815 462 crepitus,
848 407 1013 449 sonitus
1045 409 1252 450 tonitrus:
1296 410 1347 449 iit
1378 408 1538 459 subito,
1571 410 1620 450 ut
1649 409 1833 464 propere

1154 477 1417 535 fremitzffl)

418 607 514 650 ‘Sed
559 608 641 650 hoc
687 623 867 665 agamus
911 609 1041 664 quoia
1055 608 1107 665 8⁹)
1150 609 1233 652 huc
1278 611 1497 652 ventumst
1539 608 1711 665 gratia’.
1779 609 1831 652 In

297 680 438 734 prima
463 680 599 734 igitur
618 679 867 722 Truculenti
900 694 1055 721 scaena
1080 680 1235 721 iterum
1261 681 1483 734 praeclaro
1510 681 1638 723 modo
1663 681 1832 723 ostendi

298 753 441 805 potest
486 765 594 806 quae
639 751 881 805 generatim
925 766 974 793 ac
1022 751 1274 793 summatim
1316 752 1639 806 perscribantur
1682 752 1830 808 singu·

297 822 437 862 larum
481 835 622 862 rerum
668 823 869 862 accurata
912 821 1163 863 definitione
1209 821 1378 877 saepius
1416 822 1650 866 concidere.
1723 823 1831 865 Tale

298 892 400 947 quid
441 892 527 934 iam
567 891 772 947 Goetzius
811 893 1105 935 demonstrare
1145 893 1310 934 studuit
1346 907 1424 948 per
1460 894 1700 950 simplicem
1738 909 1830 937 ver·
1895 897 1897 899 ’

298 979 422 1006 suum
454 963 495 1019 I,
524 965 566 1020 1,
594 965 722 1019 70sq.
761 964 1108 1007 emendationem
1149 980 1175 1006 a
1205 963 1446 1006 Dombarto
1482 964 1830 1020 Buecheleroque

298 1036 567 1090 propositam
611 1036 812 1091 redargui
857 1036 1001 1078 dicens
1040 1038 1084 1077 et
1121 1050 1230 1091 quae
1267 1035 1557 1078 Reinhardtus
1598 1035 1650 1078 de
1688 1035 1831 1091 prima

297 1121 454 1149 scaena
479 1096 651 1161 prologi
676 1107 767 1149 vice
791 1107 1000 1162 fungente
1026 1109 1070 1148 et
1094 1121 1204 1162 quae
1229 1107 1280 1148 de
1306 1107 1495 1149 eiusdem
1521 1107 1830 1150 retractatione

299 1176 504 1219 Dziatzko
544 1178 751 1232 suspicati
791 1176 1009 1234 esse11t90).
1071 1177 1154 1220 Sed
1186 1178 1267 1220 etsi
1298 1178 1345 1220 in
1374 1178 1525 1221 multis
1558 1192 1667 1233 quae
1697 1174 1829 1220 disse·

294 1249 400 1304 ruit,
431 1264 607 1304 prorsus
634 1264 730 1291 cum
757 1264 806 1291 eo
834 1249 964 1304 facio,
995 1251 1142 1290 tamen
1166 1263 1244 1290 nec
1270 1251 1484 1291 mutatam
1515 1249 1827 1304 interpunctio-

295 1335 392 1362 nem
426 1321 739 1362 admittendam
773 1335 865 1362 esse
903 1323 1028 1374 puto,
1070 1335 1199 1375 quam
1237 1319 1410 1375 quidem
1440 1320 1527 1362 iam
1561 1323 1663 1362 ante
1694 1319 1827 1362 Dom-

295 1391 467 1433 bartum
508 1391 728 1433 Acidalius
767 1391 977 1446 instituit,
1020 1406 1099 1433 nec
1138 1391 1485 1433 emendationem
1521 1391 1641 1433 illam
1679 1390 1828 1445 probo.

297 1462 349 1503 In
382 1463 506 1504 libris
538 1463 645 1505 haec
678 1466 796 1505 sunt:

905 1548 954 1576 eo
986 1549 1100 1576 nunc
1131 1536 1377 1577 commenta
1407 1535 1474 1575 est
1504 1533 1650 1575 dolum

474 1605 701 1661 Reperisse
733 1606 909 1647 simulat
941 1620 1033 1647 sese
1064 1609 1114 1648 ut
1145 1620 1212 1648 me
1245 1605 1446 1647 extrudat
1474 1604 1593 1646 foras

474 1676 538 1717 Osi
570 1692 664 1718 6336
698 1677 903 1718 simulant
934 1677 1118 1718 militem
1149 1691 1282 1732 puero
1314 1679 1482 1731 patrem
1511 1668 1516 1673 ”

411 1759 455 1790 70
476 1747 620 1803 Atque
653 1752 701 1790 ut
733 1763 830 1790 cum
862 1748 956 1790 solo
988 1761 1166 1802 peregre
1199 1750 1326 1802 getur
1356 1747 1482 1788 militi

473 1819 542 1861 Ειῖ
575 1820 650 1861 isti
684 1819 954 1874 suppositum
987 1833 1163 1873 puerum
1197 1833 1304 1873 opus
1335 1818 1520 1872 pessime
1563 1837 1572 1844 ·

472 1890 582 1932 Mihi
614 1891 747 1932 verba
778 1892 898 1931 retur
929 1890 1030 1931 dare
1063 1904 1107 1931 36
1139 1904 1234 1931 ame
1265 1889 1434 1930 censuit

472 1959 622 2003 Celare
654 1977 700 2003 36
731 1963 904 2016 potesse
938 1961 1118 2015 grauida
1149 1961 1186 2002 si
1217 1959 1331 2002 foret

295 2055 412 2105 Quae
445 2056 509 2097 ita
541 2070 635 2097 cuni
670 2054 830 2111 aliisffl)
863 2054 1064 2097 Goetzius
1094 2054 1339 2104 constituit:

388 2221 448 2264 88)
475 2219 670 2254 Facillime
697 2230 741 2254 ex
767 2230 875 2254 versu
902 2222 994 2253 1130
1025 2229 1092 2263 per
1115 2216 1236 2253 valide
1260 2219 1379 2252 tonuit
1410 2219 1475 2252 aut
1499 2216 1675 2263 explicari
1699 2216 1824 2262 potuit

289 2279 412 2322 fremit
438 2279 591 2313 verbum
618 2280 686 2313 aut
711 2278 876 2323 suppleri
902 2289 1028 2313 versus
1055 2277 1086 2312 si
1113 2277 1208 2312 sorte
1234 2278 1319 2323 post
1341 2277 1435 2311 ERE
1460 2276 1703 2312 interciderat
1725 2275 1820 2311 ΓΒΕ
1891 2328 1904 2334 Ἣ

291 2338 449 2382 syllaba.

390 2398 450 2441 89)
477 2396 530 2432 Cf.
559 2397 739 2443 Bergkius
765 2398 789 2431 l.
816 2409 843 2432 3.
870 2409 895 2432 s.
922 2409 956 2441 p.
978 2400 1022 2431 62
1038 2408 1091 2440 sq.

386 2458 445 2500 90)
471 2456 495 2492 l.
523 2469 549 2491 s.
577 2468 603 2490 3.
630 2469 666 2501 p.
688 2460 773 2492 297:
803 2456 917 2490 ‘Eine
941 2455 1078 2500 einziqe
1103 2454 1295 2498 Corruptel
1326 2453 1415 2488 Vers
1440 2453 1478 2496 I,
1491 2456 1524 2497 1,
1544 2455 1589 2488 71
1614 2451 1822 2488 verbunden

290 2516 355 2550 mit
380 2515 536 2558 falscher
562 2515 851 2559 Imm-punition
885 2514 947 2549 hat
973 2524 1019 2548 zu
1050 2513 1119 2548 den
1150 2511 1355 2547 erwcilmten
1386 2512 1571 2548 dure-haus
1598 2510 1820 2557 yrundlosen

289 2574 510 2608 Annahmen
534 2573 707 2618 yeftilzrt.'

384 2633 444 2676 91)
464 2631 623 2666 Leviora
649 2643 691 2666 ac
718 2633 849 2677 sponte
875 2631 1096 2676 apparentia
1120 2631 1164 2665 ut
1187 2629 1360 2665 omittam
1386 2641 1514 2666 versus
1534 2632 1578 2664 69
1605 2629 1644 2663 et
1662 2631 1708 2663 70
1732 2626 1815 2662 Aoi-

290 2691 411 2726 ‹lalius
437 2702 519 2726 cum
546 2690 671 2725 Dousa
696 2690 942 2735 permutavit;
973 2689 1089 2733 idem,
1121 2691 1163 2723 ut
1188 2689 1281 2734 dixi,
1313 2690 1352 2723 et
1376 2690 1461 2734 post
1485 2699 1569 2723 eum
1593 2686 1818 2722 Dombartus
1888 2700 1890 2702 ·

287 2751 421 2785 Philol.
435 2752 462 2785 t.
478 2749 634 2785 XXVIII
648 2751 806 2794 (a.1869)
821 2761 855 2794 p.
873 2753 939 2784 732
960 2748 1126 2794 graviter
1139 2749 1226 2793 post
1240 2751 1381 2792 patrem
1394 2746 1576 2791 distinxit,
1588 2758 1672 2781 cum
1685 2745 1818 2790 opinor

289 2809 369 2853 pari
395 2809 538 2843 ratione
564 2808 812 2843 Buechelerus
836 2809 861 2843 l.
889 2821 914 2843 s.
942 2821 969 2843 3.
995 2808 1296 2852 Dombartusque
1323 2807 1460 2852 (opino)
1485 2805 1744 2851 proponerent.
