1904 3106
755 84 1046 126 ..23-

127 192 363 246 >tamquam
410 189 781 232 absolutissimum
830 190 1072 246 exemplum
1122 189 1386 246 Astaphium
1439 191 1663 246 habemus,

141 275 252 317 quse
280 260 383 303 hinc
411 260 532 303 illinc
562 275 660 303 cum
690 275 742 303 cx
772 262 1035 304 comicorum
1063 261 1341 318 fragmentis,
1377 264 1471 304 tum
1502 277 1554 304 ex
1586 262 1662 304 Al-

140 331 362 387 eiphronis
399 332 597 388 epistulis
626 331 891 388 Lucianique
928 333 1116 389 dialogis
1152 336 1197 375 et
1233 334 1530 376 consimilibus
1561 335 1662 376 scri-

141 403 363 459 ptionibus
393 402 691 458 comperimus,
721 403 868 445 omnia
898 403 1197 456 complectens
1244 404 1359 459 Ipsis
1385 408 1530 447 autem
1555 420 1663 460 quos

141 473 316 517 exhibui
358 473 555 516 versibus
602 472 717 515 haud
764 473 1052 528 improbabile
1101 477 1169 516 est
1217 475 1269 517 de
1313 474 1503 518 Calliclis
1547 477 1662 519 filiae

141 543 387 602 (ἐρωμένης,
399 541 645 598 ἐλευθέρας)
670 543 817 598 filiolo,
848 558 974 599 quem
1005 546 1133 597 χωρὶ(
1157 547 1332 598 τρέφειν
1362 545 1442 588 illa
1470 546 1663 602 tradidit,

142 614 274 657 verba
306 614 419 669 fieri3
462 629 512 656 ac
546 614 692 656 nescio
729 629 784 656 an
822 629 967 657 versus
1005 629 1056 657 ex
1087 615 1269 672 prologo
1300 616 1560 660 Menandreo
1592 618 1662 660 de-

143 685 303 742 sumpti
333 683 499 742 8111147).

258 755 385 800 Nunc
414 771 516 799 vero
547 757 837 812 fragmentum
868 756 1185 800 consideremus
1215 758 1518 814 gravissimum
1550 760 1663 815 apud

142 824 375 870 Stobaeum
408 826 522 869 Flor.
550 826 665 882 LIII,
694 828 722 869 3
755 830 988 870 servatum:

352 933 675 985 Εὐλοιδόρητον,
706 933 766 975 ὼε
797 933 927 984 ἔοικε,
958 934 1158 986 φαίνεται

351 1005 403 1046 τὸ
434 1007 511 1047 τοῦ
542 1004 799 1056 ετρατιώτου
833 1007 967 1056 εχῆμα
998 1005 1066 1046 καὶ
1095 1006 1146 1047 τὸ
1177 1007 1255 1047 τοῦ
1286 1006 1422 1048 ξένου.

139 1192 234 1228 mibi
256 1203 324 1228 nec
346 1203 401 1228 me
423 1193 580 1236 mlficio
604 1193 763 1227 vinceres
787 1202 907 1236 neque
926 1191 1076 1227 omnino
1100 1193 1180 1227 tam
1199 1191 1459 1228 vehementem
1483 1193 1679 1230 invectim.

138 1251 335 1288 uem-loco
364 1251 491 1296 reique
522 1250 612 1286 satis
642 1249 762 1285 videri
791 1249 1001 1285 convenire.
1050 1250 1139 1286 Veri
1169 1251 1284 1296 igitur
1308 1251 1466 1287 similius
1491 1253 1659 1298 morique

139 1310 311 1346 Plautino
335 1309 612 1346 convenientius
637 1310 756 1344 visum
782 1313 838 1344 est
861 1309 1095 1345 meretricem
1119 1321 1192 1345 non
1217 1310 1263 1346 de
1287 1310 1461 1355 Astaphii
1485 1312 1660 1348 monendi

141 1369 334 1406 ‘mnlficio'
361 1369 476 1405 verba
499 1369 633 1411 faeere,
658 1368 722 1404 sed
747 1369 794 1420 de
818 1380 879 1414 eo,
904 1380 977 1414 quo
1002 1369 1085 1414 ipsa
1108 1369 1267 1405 militem
1291 1372 1447 1415 tangere
1471 1370 1510 1405 in
1534 1371 1659 1407 auimo

138 1429 296 1464 haberet
318 1428 378 1473 (ef.
403 1429 502 1464 Pers.
527 1441 562 1464 v.
588 1432 669 1472 843,
693 1429 823 1465 Pseud.
849 1441 884 1464 v.
909 1432 1011 1473 382);
1036 1440 1151 1474 quare
1177 1440 1221 1465 ex

145 1525 151 1530 ·
303 1512 396 1557 gotu
419 1511 696 1558 malame[ame]
722 1511 881 1558 mone[t]
906 1511 1008 1547 ruria.
1030 1523 1090 1547 me
1114 1511 1276 1547 malficio
1300 1512 1485 1548 uincerest

138 1569 261 1607 effeci:

303 1630 407 1666 nertii
427 1629 566 1664 malam
719 1641 828 1665 mone
849 1651 862 1656 -
886 1630 1060 1665 ru-la-m
1081 1641 1126 1666 eo
1145 1629 1305 1666 malficio
1330 1631 1517 1667 uincerent

138 1701 200 1737 vel
222 1700 349 1747 aptius
374 1700 571 1735 ‘certumst
588 1721 632 1727 —-
652 1701 828 1746 vincere',
852 1702 896 1736 ut
919 1701 1034 1736 verba
1057 1701 1096 1735 in
1121 1712 1247 1737 versus
1272 1701 1456 1747 principio

597 1771 656 1806 cui
681 1771 802 1806 adhuc
826 1782 847 1806 e
873 1787 917 1800 =
943 1770 1033 1816 quid
1057 1771 1129 1806 hoc
1153 1772 1203 1807 e?

137 1841 249 1878 militi
278 1841 475 1878 tribuenda
505 1842 597 1886 sint,
631 1842 696 1887 qui
726 1843 928 1886 antequam
957 1853 1065 1876 versu
1096 1841 1313 1887 insequente
1345 1843 1487 1880 diceret
1512 1846 1658 1890 peperit

136 1901 279 1944 mulier,
308 1903 351 1935 ut
373 1911 436 1945 eyo
459 1902 591 1946 opinor
619 1896 695 1935 ia‘m
726 1902 950 1945 apparatum
975 1900 1052 1935 eius
1076 1901 1317 1946 conspiceret.
1367 1902 1421 1937 De
1446 1904 1655 1939 monetula·

137 1970 220 1995 rum
250 1959 411 1995 malficio
440 1960 521 1995 auri
551 1958 782 2004 exspoliandi
813 1959 999 2004 proverbii
1029 1958 1149 1994 instar
1171 1959 1342 1995 adhibito
1367 1961 1413 1996 ad
1440 1962 1655 1998 Ciceronem

137 2027 354 2063 provocasse
380 2018 540 2054 sufficiet
563 2029 631 2063 pro
656 2017 776 2052 Flacc.
796 2022 853 2060 31,
864 2022 926 2053 76:
951 2029 1026 2053 non
1043 2019 1133 2062 plus
1157 2030 1290 2053 aurum
1314 2020 1384 2054 tan·
1406 2032 1516 2064 quam
1540 2033 1655 2058 mone-

136 2077 246 2112 dulae
268 2077 548 2119 committebant,
572 2075 619 2111 cf.
644 2075 785 2111 Plinius
808 2076 854 2111 H.
879 2077 926 2111 N.
951 2077 997 2120 X,
1021 2081 1067 2111 29
1093 2078 1186 2120 (41):
1212 2078 1273 2112 cui
1295 2078 1366 2113 soli
1389 2080 1451 2113 avi
1473 2080 1655 2122 furacitas

137 2136 280 2180 amenti
321 2137 475 2181 auo-ique
510 2135 709 2180 praecipue
750 2136 847 2170 mira
886 2139 947 2171 est.
1004 2136 1203 2172 Praeterea
1245 2137 1289 2172 cf.
1327 2149 1445 2172 mures
1480 2140 1656 2175 etiae-itate

138 2194 280 2229 vincere
301 2193 400 2230 Pers.
425 2206 460 2229 v.
486 2198 543 2238 59,
569 2205 705 2229 cervom
729 2205 839 2228 cursu
862 2195 1003 2230 vincere
1025 2194 1135 2230 Poen.
1162 2195 1225 2239 III,
1253 2199 1285 2240 1,
1305 2200 1367 2239 '2⁷3
1392 2196 1486 2232 Rud.
1512 2210 1546 2232 v.
1573 2202 1654 2243 838,

71 2251 74 2253 ’
135 2252 613 2297 chh.v.514.1taque
637 2252 819 2288 dederim·

185 2323 268 2360 Str.
306 2322 402 2366 Quid
426 2324 497 2359 hoc
521 2325 601 2359 est?
661 2323 759 2358 Phr.
796 2323 983 2360 Certumst
1006 2325 1145 2360 malam
1170 2326 1399 2361 monemlam
1424 2330 1468 2363 eo
1493 2329 1653 2364 malficio

982 2385 1144 2420 vincere*

234 2465 294 2507 47)
319 2464 360 2499 111
387 2464 542 2511 singulis
566 2466 821 2501 construendis
846 2468 957 2511 atque
983 2467 1206 2503 extricandis
1224 2479 1319 2512 quae
1337 2471 1481 2504 restant
1498 2469 1653 2505 difficul-

137 2523 237 2558 tates
267 2522 338 2558 etsi
368 2523 609 2559 coniectando
639 2525 820 2560 removeri
849 2527 1040 2571 poterunt,
1062 2526 1180 2562 nolim
1211 2526 1382 2571 equidem
1413 2527 1591 2563 hariolari
1613 2529 1654 2563 in

136 2580 345 2626 fingmento
378 2582 548 2628 abrupto.
602 2583 699 2618 Nam
732 2584 831 2628 quod
865 2585 1071 2620 Meinekius
1097 2606 1140 2611 —-
1164 2587 1426 2631 praeterquam
1459 2587 1559 2631 quod
1593 2599 1652 2622 και

137 2638 333 2676 delevit—
347 2642 464 2686 ταύτῃ
483 2653 568 2676 cum
588 2642 729 2678 Clerico
752 2642 916 2689 itemque
940 2646 1068 2688 τρέφει
1093 2646 1132 2680 et
1155 2646 1350 2689 ἐλευθέραν
1375 2657 1459 2680 cum
1485 2645 1652 2681 Dobraeo

55 2690 78 2745 Ἀ
138 2699 313 2743 reposuit,
337 2711 571 2744 nequaquam
596 2702 747 2743 sufficit;
773 2714 888 2747 quare
911 2703 951 2738 in
970 2715 1015 2739 eo
1033 2705 1308 2739 subsistendum
1332 2705 1413 2747 erit,
1438 2706 1480 2739 ut
1503 2715 1652 2740 monea-

138 2768 222 2792 mus
245 2758 360 2793 verba
383 2758 512 2803 qualia
534 2759 712 2796 habemus
734 2761 904 2807 intellegi
928 2774 1002 2798 non
1025 2774 1144 2808 posse,
1175 2763 1240 2798 sed
1264 2763 1355 2798 satis
1379 2762 1511 2807 planas
1535 2763 1650 2798 conti-

50 2802 63 2859 ζ
137 2826 223 2850 nere
248 2827 332 2850 cum
356 2816 580 2854 Truculento
604 2818 658 2854 rei
681 2819 954 2856 similitudines.
